Date,Customer ,DR #,Qty. ,Item,Price ,Sales
<<<<<<< HEAD
04/05/2021,Alson  Nabua,45174,1,Chloe,"5,883.05",5883.05
04/05/2021,,,2,Celine,"8,841.55",17683.1
04/05/2021,,,2,Hazelle,"8,744.55",17489.1
04/05/2021,Alson Daraga,45173,1,Dining 4 Seater,"5,247.70",5247.7
04/05/2021,,,1,Dining 6 Seater,"6,751.20",6751.2
04/05/2021,,,1,Dining 8 Seater,"8,094.65",8094.65
04/05/2021,,,1,SB 36,"2,604.45",2604.45
04/05/2021,,,1,SB 48,"2,895.45",2895.45
04/05/2021,,,1,DD 36x36,"4,350.45",4350.45
04/05/2021,,,1,DD 36x48,"4,592.95",4592.95
04/05/2021,,,1,DD 36x54,"4,786.95",4786.95
04/05/2021,,,1,DD 36x60,"5,029.45",5029.45
04/05/2021,,,1,Noah 60,"8,274.10",8274.1
04/05/2021,,,1,Paul Div. 60,"8,807.60",8807.6
04/05/2021,,,1,Mikas Apa. 60,"7,692.10",7692.1
04/05/2021,,,1,Ruth Apa. 48,"6,377.75",6377.75
04/05/2021,Kaneda ,45172,2,Office Table 36x54,"4,311.53",8623.06
04/05/2021,Bodega Ent.,45171,2,Office Table 36x54,"4,096.88",8193.75
04/05/2021,,,2,Office Table 24x48,"3,263.25",6526.5
04/05/2021,Alson Sorsogon ,45170,5,Dining 4 Seater,"5,247.70",26238.5
04/05/2021,,,5,Dining 6 Seater,"6,751.20",33756
04/05/2021,,,2,SB 36,"2,604.45",5208.9
04/05/2021,,,3,SB 48,"2,895.45",8686.35
04/05/2021,,,1,Aleck,"10,670.00",10670
04/05/2021,,,1,Angeline,"8,793.05",8793.05
04/05/2021,,,1,Clarisse,"9,748.50",9748.5
04/05/2021,,,1,Bella,"7,905.50",7905.5
04/05/2021,,,1,Justine,"9,118.00",9118
04/05/2021,,,1,Brewster,"10,233.50",10233.5
04/05/2021,,,1,Michelle,"8,841.55",8841.55
04/05/2021,Walk in,45175,1,DD 48,"4,362.00",4362
04/05/2021,PSC Enterprise ,45176,1,Dining 6's,"7,800.00",7800
04/05/2021,,,1,SB 54,"4,065.00",4065
04/05/2021,Thesson,45177,1,Michelle ,"8,962.50",8962.5
=======
04/05/2021,Alson  Nabua,45174,1,Chloe,5883.05,5883.05
04/05/2021,,,2,Celine,8841.55,17683.1
04/05/2021,,,2,Hazelle,8744.55,17489.1
04/05/2021,Alson Daraga,45173,1,Dining 4 Seater,5247.7,5247.7
04/05/2021,,,1,Dining 6 Seater,6751.2,6751.2
04/05/2021,,,1,Dining 8 Seater,8094.65,8094.65
04/05/2021,,,1,SB 36,2604.45,2604.45
04/05/2021,,,1,SB 48,2895.45,2895.45
04/05/2021,,,1,DD 36x36,4350.45,4350.45
04/05/2021,,,1,DD 36x48,4592.95,4592.95
04/05/2021,,,1,DD 36x54,4786.95,4786.95
04/05/2021,,,1,DD 36x60,5029.45,5029.45
04/05/2021,,,1,Noah 60,8274.1,8274.1
04/05/2021,,,1,Paul Div. 60,8807.6,8807.6
04/05/2021,,,1,Mikas Apa. 60,7692.1,7692.1
04/05/2021,,,1,Ruth Apa. 48,6377.75,6377.75
04/05/2021,Kaneda ,45172,2,Office Table 36x54,4311.53,8623.06
04/05/2021,Bodega Ent.,45171,2,Office Table 36x54,4096.88,8193.75
04/05/2021,,,2,Office Table 24x48,3263.25,6526.5
04/05/2021,Alson Sorsogon ,45170,5,Dining 4 Seater,5247.7,26238.5
04/05/2021,,,5,Dining 6 Seater,6751.2,33756
04/05/2021,,,2,SB 36,2604.45,5208.9
04/05/2021,,,3,SB 48,2895.45,8686.35
04/05/2021,,,1,Aleck,10670,10670
04/05/2021,,,1,Angeline,8793.05,8793.05
04/05/2021,,,1,Clarisse,9748.5,9748.5
04/05/2021,,,1,Bella,7905.5,7905.5
04/05/2021,,,1,Justine,9118,9118
04/05/2021,,,1,Brewster,10233.5,10233.5
04/05/2021,,,1,Michelle,8841.55,8841.55
04/05/2021,Walk in,45175,1,DD 48,4362,4362
04/05/2021,PSC Enterprise ,45176,1,Dining 6's,7800,7800
04/05/2021,,,1,SB 54,4065,4065
04/05/2021,Thesson,45177,1,Michelle ,8962.5,8962.5
>>>>>>> 9a39d47128a4f9842abd22f5d439e92b5f7e50e8
04/09/2021,Thesson,45178,1,Clarisse,10246.5,7684.88
04/09/2021,,,1,Center Tabke w/ 3/8,1819.125,1364.34
4/13/2021,Walk in,45179,1,Sophia,6435,6435
4/14/2021,Century Family Mall,45180,1,Hazelle,9389.12,9389.12
4/14/2021,,,4,Ayen,9389.12,37556.46
4/14/2021,,,2,Lalie,12964.05,25928.1
4/14/2021,,,3,Ayesha,16656.84,49970.52
4/14/2021,,,6,DD 36x36,5401.69,32410.13
4/14/2021,,,1,Jonas Apa. 48,6874.88,6874.88
4/15/2021,Alson Iriga,45181,1,Francia,14832,14832
4/14/2021,,,1,Noah 60,10156.8,10156.8
4/14/2021,,,1,Mikas Apa. 60,7612.8,7612.8
4/14/2021,,,1,Red Ent. 60,6652.8,6652.8
4/14/2021,,,1,Ericka Dresser,6518.4,6518.4
4/14/2021,,,2,Dining 8's,8107.2,16214.4
4/14/2021,,,2,Glass 8's,2232,4464
4/14/2021,,,2,Glass 6's,1896,3792
4/16/2021,Kingswood,45182,6,Dining 8's,8107.2,48643.2
4/16/2021,,,6,Dining 6's,6681.6,40089.6
4/16/2021,,,2,Francia ,14832,29664
4/16/2021,Kaneda,45183,1,Sb 36x75,3164.625,3164.63
4/16/2021,,,1,SB 48x75,3579.3,3579.3
4/16/2021,,,1,SB 54x75,3943.05,3943.05
4/16/2021,,,1,Dining 8's,9544.8,9544.8
4/16/2021,,,1,Jacob Apa. 36,5638.13,5638.13
4/16/2021,Father & Son,45184,1,Dining 6's,7781.5,7781.5
4/16/2021,,,1,Platera 48,6873,6873
4/16/2021,Alson Goa,45185,2,Dining 6's,6960,6681.6
4/16/2021,,,1,Bar Counter 60,10245,9835.2
4/16/2021,,,1,SB 36x75,2685,2577.6
4/16/2021,,,1,Dave Div. 60,8380,8044.8
4/16/2021,,,1,Liera Div.60,9180,8812.8
4/16/2021,,,1,Platera 48,6975,6696
4/16/2021,,,1,Ericka Dresser ,9398.4,9398.4
4/17/2021,Canaveras,45186,2,Sb 36x75,3262.5,6525
4/17/2021,,,2,SB 48x75,3690,7380
4/17/2021,,,1,SB 60x75,4327.5,4327.5
4/17/2021,,,2,Sb 54x75,4065,8130
4/17/2021,,,2,DD 36x48,6037.5,12075
4/17/2021,Century Family Mall ,45187,2,Angeline,6350.72,12701.44
4/17/2021,,,1,Hazelle,6350.72,6350.72
4/17/2021,,,3,Francia,11425.98,34277.94
4/17/2021,,,1,Lalie,8768.78,8768.78
4/17/2021,Alson Catanduanes,45188,1,Angeline,9065,8702.4
4/17/2021,,,2,Michelle,9115,8750.4
4/17/2021,,,1,Clarisse,10050,9648
4/17/2021,,,1,Ayesha,11150,10704
4/17/2021,,,1,Aleck,11000,10560
4/17/2021,,,1,Adams,11000,10560
4/17/2021,,,1,Justine,9400,9024
4/17/2021,,,1,Nicole,10550,10128
4/17/2021,,,3,Dining 8's,8445,8107.2
4/17/2021,,,3,Dining 6's,6960,6681.6
4/17/2021,,,2,SB 36x75,2685,2577.6
4/17/2021,,,2,DD 36x36,4685,4497.6
4/17/2021,,45189,3,DD 36x54,5035,4833.6
4/17/2021,,,2,SB 48x75,2985,2865.6
4/17/2021,,,4,SB 54x75,3135,3009.6
4/17/2021,,,3,SB 60x75,3235,3105.6
4/17/2021,,,1,Paul Div. 48,7725,7416
4/17/2021,,,1,Dave Div. 60,8380,8044.8
4/17/2021,,,1,Jonas Apa. 48,6575,6312
4/17/2021,,,1,Platera 48,6975,6696
4/17/2021,,,1,Jethro Apa. 60,7930,7612.8
4/20/2021,Alson Libmanan,45190,4,Dining 4 seaters,5193.6,20774.4
4/20/2021,,,2,Dining 6's,6681.6,13363.2
4/20/2021,,,3,Dining 8's,8107.2,24321.6
4/20/2021,,,1,Corner A. W/ stool,13680,13680
4/20/2021,Alson Libmanan,45191,1,Imelda 311,9054.95,9054.95
4/20/2021,,,1,Imelda 4's A,8860.95,8860.95
4/21/2021,Clarahill Legazpi,45192,1,DD 48x75,4641.6,4641.6
4/21/2021,,,2,DD 36x60,5169.6,10339.2
4/21/2021,,,2,SB 36x75,2577.6,5155.2
4/21/2021,,,1,SB 54x75,3009.6,3009.6
4/21/2021,,,2,DD 36x54,4833.6,9667.2
4/21/2021,,,3,SB 60x75,3105.6,9316.8
4/21/2021,,,1,Jillenne,6734.4,6734.4
4/21/2021,,,1,Marco,5822.4,5822.4
4/21/2021,Clarahill Legazpi,45193,1,Anita Coffe Table,5441.7,5441.7
4/21/2021,Clarahill  Ligao,45194,1,DD 36x48,4641.6,4641.6
4/21/2021,,,1,DD 36x60,5169.6,5169.6
4/21/2021,,,3,SB 36x75,2577.6,7732.8
4/21/2021,,,1,SB 60x75,3105.6,3105.6
4/21/2021,,,1,DD 36x54,4833.6,4833.6
4/21/2021,,,1,Jillenne,6734.4,6734.4
4/23/2021,Alsons,45195,1,Francia,14832,14832
4/26/2021,Father & Son,45196,1,SB 60x75,4280,4280
4/26/2021,,,1,SB 48x75,4280,4280
4/26/2021,,,1,Dave Div. 60,4280,4280
4/26/2021,,,1,Jonas Apa. 48,4280,4280
4/27/2021,Alson Legazpi,45197,6,Dining Chair 102,681.6,4089.6
4/27/2021,,,1,Dining 6's,6681.6,6681.6
4/27/2021,,,2,Dining 8's,8107.2,16214.4
4/27/2021,Alson Legazpi,45198,2,SB 36x75,2577.6,5155.2
4/27/2021,,,5,Center Table w/ 3/8,1339.2,6696
4/27/2021,,,1,Clarisse,9648,9648
4/27/2021,,,1,Wennylen,8750.4,8750.4
4/29/2021,Alson Iriga ,45199,1,Imelda 4's A,8769.6,8769.6
4/29/2021,,,3,Imelda 4's W ,8577.6,25732.8
4/29/2021,Alson Iriga ,45200,1,Francia,14832,14832
4/29/2021,,,1,Lalie,11232,11232
4/29/2021,,,1,Le Bron,12912,12912
4/29/2021,,,3,SB 54x75,3009.6,9028.8
4/29/2021,,,3,SB 60x75,3105.6,9316.8
05/04/2021,Nueva Cam Sur,46451,4,SB 36x75,3120,12480
05/04/2021,,,4,SB 48x75,3471,13884
05/04/2021,,,4,SB 54x75,3861,15444
05/04/2021,,,4,DD 36x36,5362.5,21450
05/04/2021,,,4,DD 36x48,5557.5,22230
05/04/2021,,,3,DD 36x54,5908.5,17725.5
05/04/2021,,,4,Dining 4's,5460,21840
05/04/2021,,,8,Dining 6's,7683,61464
05/04/2021,RSB,46452,2,Dining 6's,7845,15690
05/04/2021,WBE,46453,1,SB 48x75,3579,3579
05/04/2021,Consumer,46454,1,SB 48x75,3579,3579
05/04/2021,Alson,46455,2,Imelda 4's W,8935,17870
05/04/2021,Alson Iriga,46456,3,SB 36x75,2685,8055
05/04/2021,,,1,SB 36x75 FC,2885,2885
05/04/2021,,,2,SB 54x75,3135,6270
05/04/2021,,,1,Jethro Apa. 60,7930,7930
05/04/2021,,,1,Francia,15450,15450
05/05/2021,Consumer,46457,4,Dining 4's,6416,25664
05/05/2021,,,2,Dining 6's,8320,16640
05/05/2021,,,1,Dining 8's,10496,10496
05/05/2021,,,2,SB 36x75,6960,13920
05/05/2021,,,1,SB 54x75,4336,4336
05/05/2021,,,1,DD 36x54,6600,6600
05/05/2021,,,1,DD 36x48,6440,6440
05/05/2021,Alson,46458,3,Marco,6065,18195
05/05/2021,,,1,Chloe,6065,6065
05/05/2021,,,2,Chelsea,6065,12130
05/05/2021,,,1,Bubbles,6065,6065
05/05/2021,,,1,Wennylen,9115,9115
05/05/2021,,,3,Dining 6's,6960,20880
05/05/2021,Clarahill,46459,1,DD 36x54,5035,5035
05/05/2021,,,1,DD 36x60,5385,5385
05/05/2021,,,2,SB 54x75,3035,6070
05/05/2021,,,1,Francia,15450,15450
05/06/2021,Clarahill,46460,4,DD 36x36,4685,18740
05/06/2021,,,2,SB 54x75,3135,6270
05/06/2021,,,2,Marco,6065,12130
05/06/2021,,,2,Jillienne,7015,14030
05/06/2021,,,1,Corner Adams w/ Stool,14250,14250
05/06/2021,,,3,Francia,15450,46350
05/06/2021,Kaneda,46461,1,Metal Divider ,4500,4500
05/06/2021,,,1,OT 24x48,3206,3206
05/06/2021,Vamacs,46462,1,Angeline,19312.5,19312.5
05/06/2021,,,2,DD 36x36,11100,22200
05/06/2021,,,1,Dining 4's,6015,6015
05/06/2021,Alsons,46463,1,lalie,11700,11700
05/06/2021,,,1,Steffanie,12500,12500
05/06/2021,,,1,Clarisse,10050,10050
05/06/2021,,,1,Angeline,9065,9065
05/06/2021,,,1,Celine,9115,9115
05/06/2021,,,1,Hazelle,9015,9015
05/06/2021,,,1,Wennylen,9115,9115
05/06/2021,,,1,Michelle,9115,9115
05/06/2021,,,1,Platera 60,8580,8580
05/07/2021,Father & Son,46464,1,SB 36x75,2685,2685
05/07/2021,,,2,Jonas Apa. 48,6575,13150
05/12/2021,Consumer,46465,1,Dave ,8940,8940
05/12/2021,,,1,Liera 60,9802.5,9802.5
05/12/2021,,,1,Platera 60,8550,8550
05/12/2021,,,1,Jethro Apa. 60,8445,8445
05/12/2021,,,1,Jessa,8812.5,8812.5
05/12/2021,,,1,California,15000,15000
05/12/2021,,,2,Dining 6's,7800,15600
05/12/2021,,,1,Platera 60 Spcl.,8250,8250
05/12/2021,Consumer,46466,1,Dave ,8940,8940
05/12/2021,,,1,Platera 48,6952.5,6952.5
05/12/2021,,,1,Platera 48 Spcl.,7125,7125
05/12/2021,,,3,Dining 6's,7800,23400
05/12/2021,,,2,SB 36x75,3262.5,6525
05/12/2021,,,2,SB 54x75,4065,8130
05/12/2021,,,2,DD 36x36,5550,11100
05/12/2021,,,2,DD 36x48,6037.5,12075
05/12/2021,,,2,DD 36x54,6187.5,12375
05/12/2021,,,2,DD 36x60,6525,13050
05/12/2021,Consumer,46467,2,Dining 4's,6015,12030
05/12/2021,,,2,Dining 6's,7800,15600
05/12/2021,,,2,Dining 8's,9840,19680
05/12/2021,,,1,Jethro Apa. 60,8445,8445
05/12/2021,,,1,Ruth Apa. 48,7012.5,7012.5
05/12/2021,Alson,46468,1,Dining 6's,6960,6960
05/12/2021,,,5,Center w/ 3/8,1395,6975
05/12/2021,,,1,Francia,15450,15450
05/12/2021,,,2,DD 36x36,4685,9370
05/12/2021,,,2,DD 36x48,4835,9670
05/12/2021,,,1,DD 36x54,5035,5035
05/12/2021,,,2,SB 60x75,3235,6470
5/14/2021,Alson,46469,1,Francia,15450,15450
5/14/2021,Father & Son,46470,2,SB 54x75,3960,7920
5/14/2021,Father & Son,46471,2,Side Table 3/8,1432,2864
5/18/2021,Father & Son,46472,1,Dining 6's,7880,7880
5/20/2021,Clarahill ,46473,4,Jilliene,7015,28060
5/20/2021,,,2,Corner Adams w/ Stool,14250,28500
5/20/2021,Clarahill,46474,1,SB 36x75,2685,2685
5/20/2021,,,1,Jillienne,7115,7115
5/20/2021,Kaneda,46475,3,OT 20x40,2910,8730
5/20/2021,,,1,Dining 6's,7800,7800
5/20/2021,,,3,Dining Chair,772.5,2317.5
5/20/2021,Kingswood,46476,4,Esmeralda 4's,10335,41340
5/20/2021,,,2,Imelda 4's W,8935,17870
5/21/2021,Alson,46477,2,Imelda  4's A,9135,18270
5/21/2021,Alson,46478,2,Francia,15450,30900
5/21/2021,,,2,SB 54x75,3135,6270
5/21/2021,,,1,Dining 6's,6960,6960
5/21/2021,Alson,46479,1,Spanish,9135,9135
5/21/2021,,,1,Esmeralda 4's,10335,10335
5/21/2021,Alson,46480,1,Dave ,8380,8380
5/21/2021,,,1,Ruth Apa. 48,6576,6576
5/21/2021,,,1,Table Frame 8's,1635,1635
5/21/2021,,,1,Table Frame 6's,1585,1585
5/21/2021,,,14,Dining Chair,710,9940
5/21/2021,,,1,Le Bron,13450,13450
5/22/2021,Clarahill,46481,2,Francia,15450,30900
5/22/2021,,,1,Chloe,6065,6065
5/22/2021,,,1,Marco,6065,6065
5/22/2021,,,3,Jillienne,7015,21045
5/22/2021,,,1,Corner Adams w/ Stool,14250,14250
5/22/2021,Alson,46482,1,Dining 6's,6960,6960
5/22/2021,,,1,Dining 8's,8445,8445
5/22/2021,,,1,Lalie,11700,11700
5/22/2021,Alson,46483,2,Esmeralda 4's,10335,20670
5/22/2021,Lianzams,46484,1,Imelda 4's A,10500,10500
5/24/2021,Walk In,46485,1, Foam 60x6 Uratex,5000,5000
5/24/2021,Walk IN,46486,1,SB 54x75,3135,3135
5/24/2021,Father & Son,46487,1,Dining 8's,9760,9760
5/24/2021,,,1,Center w/ 3/8,1744,1744
5/26/2021,Vamacs,46488,2,Lalie,13200,26400
5/26/2021,,,1,OT 20x40,2910,2910
5/26/2021,,,1,Dining 6's,7800,7800
5/26/2021,Lianzams,46489,1,Spanish ,10500,10500
5/29/2021,Kaneda,46490,15,Dining Chair ,1030.75,15461.25
5/29/2021,Lianzams,46491,1,Esmeralda 4's,12112.5,12112.5
06/02/2021,Alsons,46492,3,Dining 8's,8445,25335
06/02/2021,,,3,Dining 6's,6960,20880
06/02/2021,,,1,DD 36x48,4835,4835
06/02/2021,,,1,DD 36x54,5035,5035
06/02/2021,,,1,Chloe,6065,6065
06/02/2021,,,1,Cholo,6065,6065
06/02/2021,,,1,Francia,15450,15450
06/02/2021,,,1,Lalie,11700,11700
06/02/2021,,,1,Marco,6065,6065
06/02/2021,,,1,Dave 60,8380,8380
06/02/2021,,,1,Liera 60,9180,9180
06/02/2021,Lianzams,46493,2,Imelda 4's,10185,20370
06/03/2021,Father & Son,46493,1,Jonas,7000,7000
06/03/2021,,,1,Dining Table 6's,7880,7880
06/03/2021,,,2,SB 36x75,3200,6400
06/03/2021,,,1,SB 48x75,3560,3560
06/03/2021,,,1,SB 54x75,3960,3960
06/03/2021,,,1,SB 60x75,4280,4280
06/04/2021,Alsons,46495,2,Dining 4's,5410,10820
06/04/2021,,,5,Dining 6's,6960,34800
06/04/2021,,,3,Dining 8's,8445,25335
06/04/2021,kingswood,46496,5,Dining 6's,6960,34800
06/04/2021,,,6,Dining 8's,8445,50670
06/04/2021,,,1,Francia,15450,15450
06/04/2021,,,2,Michelle,9115,18230
06/04/2021,,,2,Hazelle,9015,18030
06/04/2021,,,1,Wennylen,9115,9115
06/04/2021,,,1,Celine,9115,9115
06/04/2021,,,24,Dining Chair,710,17040
06/04/2021,Alson,46497,2,Francia,15450,30900
06/04/2021,,,1,Le Bron,13450,13450
06/04/2021,,,1,Clarisse,10050,10050
06/04/2021,,,3,SB 36x75,2685,8055
06/04/2021,,,3,SB 48x75,2985,8955
06/04/2021,,,3,SB 54x75,3135,9405
06/04/2021,,,2,DD 36x48,4835,9670
06/04/2021,,,2,DD 36x54,5035,10070
06/04/2021,,,2,DD 36x60,5385,10770
06/04/2021,,,14,Dining Set 6's,6960,97440
06/04/2021,,,1,Table 6's,1585,1585
06/04/2021,,,2,Dining 6's,6960,13920
06/04/2021,,,1,Table 8's,1635,1635
06/04/2021,Alson,46498,1,Imelda 4's A,9135,9135
06/04/2021,,,1,Spanish 4's A,9135,9135
06/05/2021,Alson,46499,1,Francia,15450,15450
06/05/2021,,,1,Lalie,11700,11700
06/05/2021,Alson,46500,4,Imelda 4's A,9135,36540
06/05/2021,Clarahill Trading ,46501,2,La Elegancia,10635,21270
06/05/2021,Father & Son,46502,5,Side Table w/ 3/8,1389.04,6945.2
06/05/2021,,,1,SB 36x75,3104,3104
06/05/2021,,,2,SB 48x75,3453.2,6906.4
06/05/2021,,,2,SB 54x75,3841.2,7682.4
06/05/2021,,,1,SB 60x75,4151.6,4151.6
06/12/2021,Century,46503,4,Francia,17415,69660
06/12/2021,,,1,Clarisse,1188,1188
06/12/2021,,,2,khim,10125,20250
06/12/2021,,,1,Celine,9679.5,9679.5
06/12/2021,,,1,Michelle,9679.5,9679.5
06/12/2021,,,2,Wennylen,9679.5,19359
06/12/2021,,,2,Ayen,9679.5,19359
06/12/2021,,,1,Jillienne,7978.5,7978.5
06/12/2021,,,1,Sophia,7618.05,7618.05
06/12/2021,,,4,DD 36x60,6419.25,25677
06/12/2021,Rovick Jay,46504,2,SB 60x75,4616,9232
06/12/2021,,,1,Lexie,11440,11440
06/12/2021,,,1,Corner Adams w/ Stool,16560,16560
06/12/2021,,,3,Shiela,11720,35160
06/12/2021,,,2,Nicole,12000,24000
06/12/2021,,,3,Foam 48x4,2600,7800
06/12/2021,,,2,Foam 60x6,3864,7728
06/12/2021,,,2,Foam 54x6,3404,6808
06/12/2021,,,2,Foam 48x6,3276,6552
6/13/2021,Multi Brand,46505,1,Marco,6960,6960
6/13/2021,,,1,Chloe,6960,6960
6/13/2021,,,1,Chelsea,6960,6960
6/13/2021,,,2,Dining 8's,10496,20992
6/13/2021,,,3,SB 36x75,3488,10464
6/13/2021,,,3,SB 48x75,3960,11880
6/13/2021,,,2,SB 54x75,4336,8672
6/13/2021,,,3,DD 36x60,6960,20880
6/13/2021,,,5,Side w/ 3/8 TG,1704,8520
 06/14/2021,Alson,46506,1,SB 36x75,2685,2685
 06/14/2021,,,2,SB 48x75,2985,5970
 06/14/2021,,,2,SB 54x75,3135,6270
 06/14/2021,,,2,SB 60x75,3235,6470
 06/14/2021,,,1,DD 36x54,5035,5035
 06/14/2021,,,1,Garnet,6175,6175
 06/14/2021,,,1,Dave 60,8380,8380
 06/14/2021,,,1,Eleazar,5575,5575
 06/14/2021,,,1,Mikas,7930,7930
 06/14/2021,,,1,Platera 60,8580,8580
6/14/2021,Father & Son,46507,2,Dining 6's,7486,14972
6/14/2021,Thesson,46508,1,Dining 4's,6015,6015
 06/14/2021,,,1,Center w/ 3/8 TG,1031.25,1031.25
6/16/2021,Aries,46509,1,Le Bron,15040,15040
6/16/2021,,,1,Lalie,13200,13200
6/16/2021,,,1,Hazelle,9560,9560
6/16/2021,,,1,Adams,12320,12320
6/16/2021,,,1,Ayesha,16960,16960
6/16/2021,,,3,Marco,6520,19560
6/16/2021,,,3,Chloe,6520,19560
6/16/2021,,,1,Dave,9120,9120
6/16/2021,,,1,Madrid,9720,9720
6/16/2021,,,1,Paul 60,9800,9800
6/16/2021,Aries,46510,2,SB 48x75,3560,7120
6/16/2021,,,1,SB 60x75,4280,4280
6/16/2021,,,1,DD 36x36,5500,5500
6/16/2021,,,1,DD 36x48,5700,5700
6/16/2021,,,1,DD 36x54,6060,6060
6/16/2021,Aries,46511,2,Anita,6320,12640
6/17/2021,WBE,46512,1,SB 48x75,3579,3579
6/19/2021,Alson,46513,2,Imelda 4's A,9135,18270
6/19/2021,Alson,46514,2,DD 36x36,4685,9370
6/19/2021,,,2,DD 36x48,4835,9670
6/19/2021,Kingswood,46515,6,SB 36x75,2685,16110
6/19/2021,,,6,SB 48x75,2985,17910
6/19/2021,,,6,SB 60x75,3235,19410
6/19/2021,,,2,SB 54x75,3135,6270
6/19/2021,,,2,DD 36x36,4685,9370
6/19/2021,Lianzam,46516,1,Imelda 4's A,9135,9135
6/19/2021,Alson,46517,2,Francia,15450,30900
6/19/2021,,,1,Ayesha,14500,14500
6/19/2021,,,1,Clarisse,10050,10050
6/19/2021,,,1,le Bron,13450,13450
6/21/2021,Alson,46518,1,Steffany,12500,12500
6/21/2021,,,1,Khim,8850,8850
6/21/2021,,,1,Clarisse,10050,10050
6/21/2021,,,1,Cholo,6065,6065
6/21/2021,,,1,Chelsea,6065,6065
6/21/2021,,,1,Ayesha,14500,14500
6/21/2021,,,1,Michelle,9115,9115
6/21/2021,,,1,Marco,6065,6065
6/21/2021,,,1,Lalie,11700,11700
6/21/2021,,,1,California,14300,14300
6/21/2021,,,1,Angeline,9065,9065
6/21/2021,Alson,46519,1,Bahamas 60,7530,7530
6/21/2021,,,1,Montreal 60,7580,7580
6/21/2021,,,2,Dining 8's,8445,16890
6/21/2021,,,2,Dining 6's,6960,13920
6/21/2021,,,10,Center w/ 3/8 TG,1395,13950
6/21/2021,,,3,Side Table w/ 3/8,1095,3285
6/22/2021,Thesson,46520,1,Center Table only,750,750
6/26/2021,Father & Son,46521,1,Dining 6's,7880,7880
6/26/2021,,,1,SB 48x75 FC,3560,3560
6/26/2021,Jayson,46522,1,DD 36x36,4685,4685
6/26/2021,,,1,SB 54x75,4835,4835
6/26/2021,,,2,SB 48x75,2985,5970
6/26/2021,,,3,Dining 6's,6960,20880
6/26/2021,,,2,Dining 8's,8445,16890
6/26/2021,,,1,Wennylen,9115,9115
6/26/2021,Kingswood,46523,1,SB 54x75,3135,3135
6/26/2021,,,2,DD 36x36,4685,9370
6/26/2021,Alson,46524,1,Jonas,6575,6575
6/26/2021,,,1,Ruth,6575,6575
6/26/2021,Liamzam,46525,1,Imelda 4's A,9135,9135
6/26/2021,,,1,DD 36x60,5385,5385
6/29/2021,Century Family,46526,2,Angeline,9065,18130
6/30/2021,Kingswood,46527,2,Aleck,11000,22000
6/30/2021,,,1,Brewster,10550,10550
6/30/2021,,,2,shiela,10400,20800
6/30/2021,,,2,Justine,9400,18800
6/30/2021,,,1,Chollo,6065,6065
6/30/2021,,,1,Chelsea,6065,6065
6/30/2021,,,1,Marco,6065,6065
6/30/2021,,,1,Chloe,6065,6065
07/01/2021,VAMACS,46528,1,Ruth apa 48,7012.5,7012.5
07/01/2021,,,1,Michelle,8962.5,8962.5
07/01/2021,,,1,Wennylen,8962.5,8962.5
07/01/2021,,,3,center w/ 3/8,4905,14715
07/01/2021,Walk In,46529,1,SB 48x75,3690,3690
07/03/2021,Father & Son,46530,2,SB 54x75,3762,7524
07/03/2021,,,1,Sb 48x75,3382,3382
07/03/2021,,,1,Dining 6's,7486,7486
07/03/2021,,,1,Ruth apa 48,6650,6650
07/04/2021,Lianzams,46531,1,Imelda 4's A,10185,10185
07/05/2021,Clarahill Legazpi,46532,2,Marco,6065,12130
07/05/2021,,,2,Cholo,6065,12130
07/05/2021,,,2,Chloe,6065,12130
07/05/2021,,,4,Jillienne,7015,28060
07/05/2021,,,2,Corner Adams w/ Stool,14250,28500
07/05/2021,,,3,Jonas ,6575,19725
07/05/2021,,,2,Ruth apa 48,6575,13150
07/05/2021,,,1,Platera 48,6975,6975
07/05/2021,,,4,Bar Counter 60,10745,42980
07/05/2021,Clarahill,46533,2,La Elegancia,10635,21270
07/05/2021,Clarahill,46534,3,DD 36x36,4685,14055
07/05/2021,,,2,DD 36x48,4835,9670
07/05/2021,,,1,DD 36x54,5035,5035
07/05/2021,,,5,SB 36x75,2685,13425
07/05/2021,,,2,SB  48x75,2985,5970
07/05/2021,,,2,SB 54x75,3135,6270
07/05/2021,,,1,SB 60x75,3235,3235
07/06/2021,Clarahill,46535,1,Cholo,6065,6065
07/06/2021,,,1,Marco,6065,6065
07/06/2021,,,1,Jillienne,7015,7015
07/06/2021,,,1,Corner Adams w/ Stool,14250,14250
07/06/2021,,,1,DD 36x36,4685,4685
07/06/2021,,,1,SB 48x75,2985,2985
07/06/2021,,,1,SB 54x75,3135,3135
07/06/2021,,,1,Sb 60x75,3235,3235
07/06/2021,,,1,Jonas ,6575,6575
07/06/2021,,,1,Ruth apa 48,6575,6575
07/06/2021,,,1,Platera 48,6975,6975
07/06/2021,,,2,Bar Counter 60,10745,21490
07/06/2021,Alson,46536,1,Platera 60,8580,8580
07/06/2021,,,3,SB 60x75,3235,9705
07/06/2021,,,2,Dining 6's,6960,13920
07/06/2021,,,3,Dining 4's,5410,16230
07/07/2021,Clarahill,46537,1,Chloe,6065,6065
07/07/2021,,,1,Choloe,6065,6065
07/07/2021,,,1,DD 36x48,4835,4835
07/07/2021,,,1,DD 36x54,5035,5035
07/07/2021,,,2,Sb 36x75,2685,5370
07/07/2021,,,1,SB 48x75,2985,2985
07/07/2021,,,1,SB 54x75,3135,3135
07/09/2021,Alson,46538,1,Francia,15450,15450
07/12/2021,Alson,46539,1,Francia,15450,15450
07/12/2021,,,1,le Bron,13450,13450
7/13/2021,Vamacs,46540,1,bella,8962.5,8962.5
7/13/2021,,,1,celine,9525,9525
7/13/2021,,,1,Wennylen,9562.5,9562.5
7/13/2021,,,1,Chelsea,6525,6525
7/13/2021,,,1,Chloe,6525,6525
7/13/2021,Clarahill,46541,1,Ruth apa 48,6575,6575
7/13/2021,Clarahill,46542,1,La Elegancia,10635,10635
7/14/2021,Century,46543,6,dining 6's,7978.5,47871
7/14/2021,,,6,dining 8's,9882,59292
7/14/2021,,,12,Side w/ 3/8,1449.9,17398.8
7/14/2021,,,1,DD 36x60,6419.25,6419.25
7/14/2021,,,6,SB 36x75,3240,19440
7/14/2021,,,6,SB 48x75,3604.5,21627
7/14/2021,,,1,SB 60x75,4333.5,4333.5
7/14/2021,,,2,Michelle,9679.5,19359
7/14/2021,,,1,Angeline,9679.5,9679.5
7/14/2021,,,1,Ayen,9679.5,9679.5
7/14/2021,,,1,Jilliene,7978.5,7978.5
7/14/2021,Century,46544,1,Chloe,6601.5,6601.5
7/14/2021,,,1,Chelsea,6601.5,6601.5
7/14/2021,,,1,Marco,6601.5,6601.5
7/14/2021,,,1,Cholo,6601.5,6601.5
7/14/2021,,,1,Ayesha,17172,17172
7/14/2021,,,3,lalie,13365,40095
7/14/2021,,,4,Francia,17415,69660
7/14/2021,,,1,bella,9477,9477
7/14/2021,,,1,Avor,14256,14256
7/14/2021,Century,46545,3,Imelda 4's A,10449,31347
7/14/2021,Luz Batac,46546,4,Dining 6's,7800,31200
7/14/2021,,,1,Dining 4's,8020,8020
7/15/2021,Nueva Cam Sur,46547,1,Cholo,6357,6357
7/15/2021,,,1,Chelsea,6357,6357
7/15/2021,,,1,Marco,6357,6357
7/15/2021,,,1,Chloe,6357,6357
7/15/2021,,,1,Clarisse,10296,10296
7/16/2021,Canaveras,46548,2,SB 36x75,3262.5,6525
7/16/2021,,,3,SB 48x75,3690,11070
7/16/2021,,,3,SB 54x75,4065,12195
7/16/2021,,,3,DD 36x36,5550,16650
7/16/2021,,,1,DD 36x48,6037.5,6037.5
7/21/2021,Alson,46549,2,Dining 4's,5410,10820
7/21/2021,,,2,SB 36x75,2685,5370
7/21/2021,,,2,SB 60x75,3235,6470
7/21/2021,,,1,DD 36x36,4685,4685
7/21/2021,,,1,DD 36x54,5035,5035
7/21/2021,,,1,DD 36x60,5385,5385
7/21/2021,,,3,center w/ 3/8,1395,4185
7/21/2021,,,2,Francia,15450,30900
7/21/2021,Alson,46550,2,Imelda 4's A,9135,18270
7/21/2021,Alson,47051,1,Jericho 60,10580,10580
7/21/2021,,,1,Dave,8380,8380
7/21/2021,,,1,Eleazar,5575,5575
7/21/2021,,,1,SB 60x75,3235,3235
7/21/2021,,,1,SB 54x75,3135,3135
7/21/2021,,,2,DD 36x60,5385,10770
7/21/2021,,,3,SB 54x75,3135,9405
7/21/2021,Nueva Cam Sur,47053,2,DD 36x36,5362.5,10725
7/21/2021,,,4,DD 36x54,5908.5,23634
7/21/2021,,,1,SB 60x75,4173,4173
7/21/2021,,,10,center w/ 3/8,1700.4,17004
7/21/2021,,,4,Dining 4's,5850,23400
7/21/2021,,,1,Dining 6's,7683,7683
7/21/2021,,,6,dining 8's,9516,57096
7/22/2021,Father & son,47052,1,Dining 8's,9760,9760
7/22/2021,,,1,Dining 6's,7880,7880
7/22/2021,,,1,SB 54x75,3960,3960
7/22/2021,,,1,Sb 36x75,3200,3200
7/22/2021,,,5,Side w/ 3/8,1432,7160
7/22/2021,,,1,Jonas ,7000,7000
7/22/2021,,,1,Ruth apa 48,7000,7000
7/22/2021,,,1,Platera 48,6960,6960
7/22/2021,Thesson,47054,1,Dining 4's,6015,6015
7/27/2021,Father & son,47055,1,Mikas ,8480,8480
7/27/2021,,,1,SB 36x75,3200,3200
7/27/2021,,,1,SB 48x75,3560,3560
7/27/2021,,,1,SB 54x75,3960,3960
7/28/2021,Father & Son,47056,2,Platera 48,7477.5,14955
7/31/2021,Consumer,47057,1,Gidion,8445,8445
08/03/2021,Century ,47058,3,Jillienne,9850,7978.5
08/03/2021,Century ,,1,Ayen,11950,9679.5
08/03/2021,Century ,,3,Aleck,15400,12474
08/03/2021,Century ,,1,Ayesha,21200,17172
08/03/2021,Century ,,1,Wennylen,11950,9679.5
08/03/2021,Century ,,2,Hazzelle,11950,9679.5
08/03/2021,Century ,,2,Copenhagen,9415,7626.15
08/03/2021,Century ,,1,Garnet,9415,7626.15
08/03/2021,Century ,,2,Ericka,6600,5346
08/03/2021,Century ,47059,36,Dining Chair # 102,965,781.65
08/03/2021,Century ,,3,DD 36x60,7925,6419.25
08/03/2021,Century ,,6,SB 54x75,4950,4009.5
08/03/2021,Century ,,6,SB 60x75,5350,4333.5
08/03/2021,Century ,,3,DD 36x48,7125,5771.25
08/03/2021,Century ,,2,DD 36x54,7275,5892.75
08/03/2021,Century ,,6,SB 36x75,4000,3240
08/03/2021,Century ,,2,SB 48x75,4450,3604.5
08/03/2021,Century ,47060,1,Imelda 4's A,12900,10449
08/03/2021,Consumer,47061,1,Michelle,10160,10160
08/03/2021,Consumer,,1,Angeline,10200,10200
08/03/2021,Consumer,,1,Ayen,10200,10200
08/03/2021,Consumer,,1,Chelsea,6960,6960
08/03/2021,Consumer,,1,Chloe,6960,6960
08/03/2021,Consumer,,1,Marco,6960,6960
08/03/2021,Consumer,,1,Aleck,12760,12760
08/03/2021,Consumer,,1,Justine,11080,11080
08/03/2021,Consumer,,8,Center w/ 3/8,13632,109056
08/04/2021,Father & Son,47062,1,Dining 6's,7892.8,7892.8
08/04/2021,Consumer,47063,1,Dave,8940,8940
08/05/2021,Alson,47065,1,Angeline,9065,9065
08/05/2021,Alson,,1,Ayen,9065,9065
08/05/2021,Alson,,1,Hazelle,9015,9015
08/05/2021,Alson,,1,Wennylen,9115,9115
08/05/2021,Alson,,1,Michelle,9115,9115
08/05/2021,Alson,,2,Dining 4's,5410,10820
08/05/2021,Alson,,5,Dining 6's,6960,34800
08/05/2021,Alson,,1,Dining 8's,8445,8445
08/05/2021,Alson,,1,Dave ,8380,8380
08/05/2021,Consumer,47064,2,Dining 6's,7800,15600
08/05/2021,Consumer,,2,Dining 8's,9840,19680
08/05/2021,Consumer,,2,Dining 4's,6015,12030
08/05/2021,Consumer,,1,SB 35x75,3262.5,3262.5
08/05/2021,Consumer,,2,SB 54x75,4065,8130
08/05/2021,Consumer,,2,SB 60x75,4327.5,8655
08/05/2021,Consumer,,1,Marco,6525,6525
08/05/2021,Consumer,,1,Chloe,6525,6525
08/05/2021,Consumer,,1,Chelsea,6525,6525
08/05/2021,Consumer,,1,Cholo,6525,6525
08/06/2021,Century ,47069,1,Side w/ 3/8,810,810
08/06/2021,Alson,47066,1,Nicole,10550,10550
08/06/2021,Alson,,1,Jessa,8215,8215
08/06/2021,Alson,,1,Ayesha,15000,15000
08/06/2021,Alson,,1,Avor,12650,12650
08/06/2021,Alson,,1,Cassandra,15750,15750
08/06/2021,Alson,,1,California,14300,14300
08/06/2021,Alson,,1,Aleck,11000,11000
08/06/2021,Alson,,1,Celine,9115,9115
08/06/2021,Alson,,1,Angeline,9065,9065
08/06/2021,Alson,,3,DD 36x54,5035,15105
08/06/2021,Alson,,3,DD 36x48,4835,14505
08/06/2021,Alson,,5,DD 36x36,4685,23425
08/06/2021,Alson,47067,5,SB 60x75,3235,16175
08/06/2021,Alson,,1,SB 36x75,3685,3685
08/06/2021,Alson,,3,Dining 4's,5410,16230
08/06/2021,Alson,,3,Dining 6's,6960,20880
08/06/2021,Alson,47068,1,Imelda 4's A,9135,9135
08/06/2021,Alson,,1,Spanish A,9135,9135
08/06/2021,Alson,47070,1,Bar Counter60,10745,10745
08/06/2021,Alson,,1,Dave,8380,8380
08/06/2021,Alson,,1,Jericho 60,10580,10580
08/06/2021,Alson,,1,Liera 60,9180,9180
08/06/2021,Alson,,1,Jethro ,7930,7930
08/06/2021,Alson,,1,Red ,6930,6930
08/06/2021,Alson,,1,Liera 48,7725,7725
08/06/2021,Alson,,1,Madrid,8580,8580
08/06/2021,Alson,,1,Imelda 4's A,9135,9135
8/21/2021,Kingswood,47090,2,Francia,15450,30900
8/21/2021,Kingswood,,1,Top Marble Imelda,1025,1025
8/21/2021,Alson,47091,1,Angeline,9065,9065
8/21/2021,Alson,,1,Hazelle,9015,9015
8/21/2021,Alson,,1,Platera 60,8580,8580
8/21/2021,Alson,,1,Mikas,7930,7930
8/21/2021,Alson,,2,Dining 6's,6960,13920
8/21/2021,Alson,,1,Dave,8380,8380
8/26/2021,Alson,47093,1,Lalie,11700,11700
8/26/2021,Alson,,1,Francia,15450,15450
8/26/2021,Alson,,1,Le Bron,13450,13450
8/26/2021,Alson,,3,DD 36x36,5435,16305
8/28/2021,Alson,47094,1,Spanish A,9135,9135
08/03/2021,Century ,47058,3,Jillienne,9850,7978.5
08/03/2021,Century ,,1,Ayen,11950,9679.5
08/03/2021,Century ,,3,Aleck,15400,12474
08/03/2021,Century ,,1,Ayesha,21200,17172
08/03/2021,Century ,,1,Wennylen,11950,9679.5
08/03/2021,Century ,,2,Hazzelle,11950,9679.5
08/03/2021,Century ,,2,Copenhagen,9415,7626.15
08/03/2021,Century ,,1,Garnet,9415,7626.15
08/03/2021,Century ,,2,Ericka,6600,5346
08/03/2021,Century ,47059,36,Dining Chair # 102,965,781.65
08/03/2021,Century ,,3,DD 36x60,7925,6419.25
08/03/2021,Century ,,6,SB 54x75,4950,4009.5
08/03/2021,Century ,,6,SB 60x75,5350,4333.5
08/03/2021,Century ,,3,DD 36x48,7125,5771.25
08/03/2021,Century ,,2,DD 36x54,7275,5892.75
08/03/2021,Century ,,6,SB 36x75,4000,3240
08/03/2021,Century ,,2,SB 48x75,4450,3604.5
08/03/2021,Century ,47060,1,Imelda 4's A,12900,10449
08/03/2021,Consumer,47061,1,Michelle,10160,10160
08/03/2021,Consumer,,1,Angeline,10200,10200
08/03/2021,Consumer,,1,Ayen,10200,10200
08/03/2021,Consumer,,1,Chelsea,6960,6960
08/03/2021,Consumer,,1,Chloe,6960,6960
08/03/2021,Consumer,,1,Marco,6960,6960
08/03/2021,Consumer,,1,Aleck,12760,12760
08/03/2021,Consumer,,1,Justine,11080,11080
08/03/2021,Consumer,,8,Center w/ 3/8,13632,109056
08/04/2021,Father & Son,47062,1,Dining 6's,7892.8,7892.8
08/04/2021,Consumer,47063,1,Dave,8940,8940
08/05/2021,Consumer,47064,2,Dining 6's,7800,15600
08/05/2021,Consumer,,2,Dining 8's,9840,19680
08/05/2021,Consumer,,2,Dining 4's,6015,12030
08/05/2021,Consumer,,1,SB 35x75,3262.5,3262.5
08/05/2021,Consumer,,2,SB 54x75,4065,8130
08/05/2021,Consumer,,2,SB 60x75,4327.5,8655
08/05/2021,Consumer,,1,Marco,6525,6525
08/05/2021,Consumer,,1,Chloe,6525,6525
08/05/2021,Consumer,,1,Chelsea,6525,6525
08/05/2021,Consumer,,1,Cholo,6525,6525
08/06/2021,Century ,47069,1,Side w/ 3/8,810,810
08/09/2021,Father & Son,47071,5,Side w/ 3/8,1466.6,7333
8/13/2021,Father & Son,47075,1,Platera 60,9612,9612
8/13/2021,Father & Son,,1,Dave,8960,8960
8/13/2021,Father & Son,,1,Mikas,9008,9008
8/13/2021,Kingswood,47072,1,Imelda 4's W,8935,8935
8/13/2021,Kingswood,47073,3,Dining 6's,6960,20880
8/13/2021,Alson,47074,1,Cholo,6065,6065
8/13/2021,Alson,,1,Dave,8380,8380
8/13/2021,Alson,,1,Judah,6575,6575
8/13/2021,Alson,,2,Dining 8's,8445,16890
8/13/2021,Alson,47076,3,Dining 8's,8445,25335
8/13/2021,Alson,,2,Dining 6's,6960,13920
8/13/2021,Alson,,2,Dining 4's,5410,10820
8/13/2021,Alson,,1,Francia,15450,15450
8/13/2021,Alson,,1,Lalie,11700,11700
8/13/2021,Alson,,1,Clarisse,10050,10050
8/13/2021,Alson,,1,le Bron,13450,13450
8/13/2021,Alson,,1,Chelsea,6065,6065
8/13/2021,Alson,,1,Michelle,9115,9115
8/13/2021,Alson,,1,Jethro ,7930,7930
8/13/2021,Alson,,1,Madrid,7680,7680
8/13/2021,Alson,,1,Dave,8380,8380
8/13/2021,Alson,,1,Liera 48,7725,7725
8/13/2021,Alson,47077,1,Imelda 4's  W,8935,8935
8/14/2021,Alson,47083,1,Hazelle,9015,9015
8/14/2021,Alson,,1,le Bron,13450,13450
8/14/2021,Alson,,1,Steffanny,12500,12500
8/14/2021,Alson,,1,Angeline,9065,9065
8/14/2021,Alson,,1,Marco,6065,6065
8/14/2021,Alson,,1,Red ,6930,6930
8/14/2021,Alson,,1,Platera 60,8580,8580
8/14/2021,Alson,,1,Platera 48,6975,6975
8/30/2021,Lianzam,47096,1,Imelda 4's A,10500,10500
09/03/2021,Father & Son,47097,1,SB 54x75,4280,4280
09/03/2021,,,1,Cattleya 54x75,4040,4040
09/03/2021,,,1,SB 48x75,3800,3800
09/03/2021,,,1,Gideon ,8480,8480
09/03/2021,,,1,Platera 60,9612,9612
09/03/2021,,,2,Side w/ 3/8,1512,3024
09/03/2021,WBE,47098,1,DD 36x54,6365.63,6365.63
09/06/2021,Nueva Cam Sur,47099,8,Dining 6's,8034,64272
09/06/2021,,,12,Dining Chair ,842.4,10108.8
09/06/2021,Father & Son,47100,1,SB 36x75,3440,3440
09/06/2021,,,1,SB 48x75,3800,3800
09/06/2021,,,1,SB 54x75,4280,4280
09/06/2021,,,1,Metal Div. ,4640,4640
09/06/2021,,,1,Liera 48,8280,8280
09/06/2021,Thesson,44151,1,DD 36x36,6000,6000
09/06/2021,Alson,44152,1,Shalanie,26500,26500
09/06/2021,,,1,Clarisse,10050,10050
09/06/2021,Alson,44153,1,Jacob,5440,5440
09/06/2021,,,1,Platera 36,5590,5590
09/06/2021,Ewis,44154,1,SB 54x75,4365,4365
09/07/2021,Lianzam,44155,1,Imelda 4's A,10185,10185
09/08/2021,Century Family Mall,44156,2,Michelle,9679.5,19359
09/08/2021,,,2,Aleck,12474,24948
09/08/2021,,,2,Wennylen,9679.5,19359
09/08/2021,,,2,lalie,13365,26730
09/08/2021,,,4,Francia,17415,69660
09/08/2021,Century Family Mall,44157,1,Chelsea,6601.5,6601.5
09/08/2021,,,1,Cholo,6601.5,6601.5
09/08/2021,,,1,Chloe,6601.5,6601.5
09/08/2021,,,1,Marco,6601.5,6601.5
09/08/2021,,,1,SB 36x75,3645,3645
09/08/2021,,,1,SB 48x75,4050,4050
09/08/2021,,,1,SB 60x75,4950,4950
09/08/2021,Century Family Mall,44158,1,Esmeralda 6's,15187.5,15187.5
09/08/2021,,,1,Esmeralda 4's,13342.5,13342.5
09/07/2021,Rovick Jay Ent.,44159,1,Esmeralda 4's,12920,12920
09/08/2021,Rovick Jay Ent.,44160,2,Dining 4's,6656,13312
09/08/2021,,,1,Dining 8's,11028,11028
09/08/2021,,,5,Center w/ 3/8,2016,10080
09/08/2021,,,5,Side w/ 3/8,1760,8800
09/08/2021,,,2,Foam 36x4,2060,4120
09/08/2021,,,2,Foam 36x6,2648,5296
09/08/2021,,,1,Platera 48,8092,8092
09/08/2021,Alson,44161,5,Dining 6's,7510,37550
09/08/2021,,,5,Dining 8's,9110,45550
09/08/2021,,,5,Center w/ 3/8,1445,7225
09/08/2021,,,1,Jonas ,6575,6575
09/08/2021,,,2,Jacob,5440,10880
09/08/2021,,,1,Platera 36,5590,5590
09/10/2021,Alson,44162,1,Glass 4's,1375,1375
09/10/2021,,,1,Table Frame 4's,1385,1385
09/10/2021,,,1,Dining 4's ,5660,5660
09/10/2021,,,2,Dining 6's,7510,15020
09/10/2021,,,1,Bahamas 60,7530,7530
09/10/2021,,,1,Gideon ,7930,7930
09/10/2021,,,1,Mikas,7930,7930
09/10/2021,,,1,Platera 48,6975,6975
09/10/2021,Alson,44163,1,DD 36x48,5585,5585
09/10/2021,,,1,SB 48x75,3385,3385
09/10/2021,,,1,Platera 48,6975,6975
09/10/2021,,,1,Ruth ,6575,6575
09/10/2021,WBE,44164,1,Copenhagen,7093,7093
09/10/2021,Kingswood,44165,2,Montreal 60,7580,15160
09/11/2021,Alson,44166,1,Dining 6's,7510,7510
09/11/2021,,,1,Dining 8's,9110,9110
09/11/2021,,,1,DD 36x36,5435,5435
09/11/2021,,,1,DD 36x54,5785,5785
09/11/2021,,,1,DD 36x60,6035,6035
09/11/2021,,,1,SB 36x75,2985,2985
09/11/2021,,,1,SB 60x75,3835,3835
09/11/2021,,,1,Jonas ,6575,6575
09/11/2021,,,1,Paul 48,7725,7725
09/10/2021,Alson,44167,1,SB 60x75,3835,3835
09/10/2021,,,1,Cattleya 36x60,5935,5935
09/10/2021,,,2,SB 48x75,3385,6770
09/10/2021,,,2,SB 36x75,2985,5970
09/10/2021,,,1,DD 36x36,5435,5435
09/10/2021,,,1,DD 36x54,5785,5785
09/10/2021,,,1,DD 36x60,6135,6135
09/11/2021,Consumer,44168,1,Dining 8's,13120,13120
09/11/2021,,,1,Dining 6's,10400,10400
9/22/2021,RSB,44169,1,OT 18x36,2685,2685
9/23/2021,May Belardo,44170,1,SB 54x75,4234,4234
9/24/2021,Consumer,44171,1,Bar Counter,11685,11685
9/24/2021,,,1,Jethro,8445,8445
9/24/2021,,,1,Gideon ,8445,8445
9/24/2021,,,1,Judah,7012.5,7012.5
9/24/2021,,,1,Ruth ,7012.5,7012.5
9/24/2021,,,2,DD 36x60,6900,13800
9/24/2021,,,2,SB 48x75,3915,7830
9/24/2021,,,2,DD 36x36,6000,12000
9/24/2021,,,2,Dining 4's,6240,12480
9/27/2021,Consumer,44172,,Repair& Repaint,3000,3000
9/27/2021,Bodega,44173,3,OT 18x36,2685,8055
9/27/2021,,,3,2OT24x48,3435,10305
9/27/2021,,,1,OT 20x40,2910,2910
9/27/2021,Luz Batac,44174,3,Dining 6's,8212.5,24637.5
9/27/2021,,,1,Cattleya 36x75,3037.5,3037.5
9/24/2021,Kaneda,44175,1,DD 36x54,6562.5,6562.5
9/24/2021,,,1,DD 36x36,6000,6000
9/24/2021,,,1,SB 60x75,4627.5,4627.5
9/24/2021,,,2,Dining Chair # 102,862.5,1725
9/24/2021,,,1,OT 24x48,3435,3435
9/25/2021,Alson,44176,1,SB 36x75 FC,3185,3185
9/25/2021,,,1,SB 54x75 FC,3585,3585
9/25/2021,,,1,SB 60x75 Cattleya,3585,3585
9/25/2021,,,1,S 54x75 Cattleya,3535,3535
9/25/2021,,,1,SB 36x75 Cattleya,2735,2735
9/25/2021,,,2,Dining 6's,7510,15020
9/25/2021,,,2,Dining 8's,9110,18220
9/25/2021,,,1,Hazelle,9015,9015
9/25/2021,,,1,Celine,9115,9115
9/25/2021,Alson,44177,1,Nikita Upholster,3500,3500
9/28/2021,Father & Son,44178,1,Dining  8's,10292,10292
9/28/2021,,,2,Dining 6's,8240,16480
9/28/2021,,,3,SB 60x75,4600,13800
9/28/2021,,,1,SB 36x75,3440,3440
9/28/2021,Father & Son,44179,5,Side w/ 3/8,1466.64,7333.2
9/28/2021,RSB,44180,2,Dining 6's,7966.13,15932.25
9/28/2021,,,1,6's Glass,2109.75,2109.75
9/28/2021,,,1,Platera 60,9050.1,9050.1
10/05/2021,Consumer,44181,2,Esmeralda 4's,12112.5,24225
10/05/2021,Consumer,44182,2,SB 36x75,3487.5,6975
10/05/2021,,,2,Sb 60x75,4627.5,9255
10/05/2021,,,1,DD 36x36,6000,6000
10/05/2021,,,1,Copenhagen,7312.5,7312.5
10/05/2021,,,1,Platera 48 Spcl.,7747.5,7747.5
10/05/2021,,,1,Platera 36,6078.75,6078.75
10/05/2021,kingswood,44183,2,Dining 6's,7510,15020
10/05/2021,,,4,Dining 8's,9110,36440
10/06/2021,Alson,44184,1,Celine,9115,9115
10/06/2021,,,1,Wennylen,9115,9115
10/06/2021,,,1,Michelle,9115,9115
10/06/2021,,,1,Angeline,9065,9065
10/06/2021,,,1,Chelsea,6065,6065
10/06/2021,,,1,Chloe,6065,6065
10/06/2021,,,1,Marco,6065,6065
10/06/2021,,,3,Dining 6's,7510,22530
10/06/2021,,,2,Dining 8's,9110,18220
10/06/2021,,,3,Dining 4's,5660,16980
10/06/2021,Kingswood,44185,6,SB 48x75,3385,20310
10/06/2021,,,3,SB 54x75,3735,11205
10/06/2021,,,1,Platera 60,8580,8580
10/06/2021,Consumer,44186,5,Center w/ 3/8,1890,9450
10/06/2021,,,1,Angeline Re Uph,7500,7500
10/06/2021,,,1,Hazelle Re Uph,7500,7500
10/08/2021,Aries,44187,1,Francia,17200,17200
10/08/2021,,,1,Lalie,13200,13200
10/08/2021,,,1,Justine,10384,10384
10/08/2021,,,2,Chloe,6520,13040
10/08/2021,,,2,Marco,6520,13040
10/08/2021,,,1,Bethany,20112,20112
10/08/2021,,,1,Shalanie,30080,30080
10/08/2021,,,2,Madrid,9720,19440
10/08/2021,,,1,Copenhagen,7532,7532
10/08/2021,Aries,44188,1,Dana,9120,9120
10/08/2021,,,1,Paul 60,9800,9800
10/08/2021,,,1,Liera 60,9840,9840
10/08/2021,,,1,Montreal 84,11040,11040
10/08/2021,,,2,DD 36x36,5980,11960
10/08/2021,,,1,DD 36x48,6100,6100
10/08/2021,,,2,DD 36x54,6460,12920
10/08/2021,,,3,DD 36x60,6740,20220
10/08/2021,,,2,Center w/ 3/8,1824,3648
10/08/2021,,,2,Side w/ 3/8,1512,3024
10/11/2021,Father & Son,44189,1,SB 48x75,3800,3800
10/11/2021,,,1,SB 54x75,4280,4280
10/11/2021,,,1,SB 60x75,4600,4600
10/11/2021,,,1,Dining 8's,10292,10292
10/11/2021,Father & Son,44190,6,Side Table w/ 3/8,9072,54432
10/15/2021,RSB,44191,1,OT 24x48,3435,3435
10/16/2021,Consumer,44192,2,Dining 4's,6262.5,12525
10/16/2021,,,2,Dining 6's,8212.5,16425
10/16/2021,,,2,Dining 8's,10376.25,20752.5
10/16/2021,,,1,DD 36x60,6900,6900
10/16/2021,,,2,DD 36x36,6000,12000
10/16/2021,,,2,Center w/ 3/8,1890,3780
10/16/2021,,,1,Red,7350,7350
10/16/2021,,,1,jericho 48,9978.75,9978.75
10/16/2021,Consumer,44193,1,Ruth,7012.5,7012.5
10/16/2021,,,1,Jonas,7012.5,7012.5
10/16/2021,Nueva Cam. Sur,44194,1,Michelle,10516,10516
10/16/2021,,,1,Wennylen,10516,10516
10/16/2021,,,2,Celine,10516,21032
10/16/2021,,,2,Cholo,7172,14344
10/16/2021,,,1,Chloe,7172,7172
10/16/2021,,,2,Clarisse,11616,23232
10/16/2021,,,1,Francia,18920,18920
10/16/2021,,,2,Garnet,8285.2,16570.4
10/16/2021,,,1,Jacob,6424,6424
10/16/2021,,,1,Montreal 60,8932,8932
10/18/2021,Century,44195,4,Francia,15480,61920
10/18/2021,,,3,Jillienne,7092,21276
10/18/2021,,,1,Sophia,6771.6,6771.6
10/18/2021,,,3,Lalie,11880,35640
10/18/2021,Century,44196,2,SB 36x75,3870,7740
10/18/2021,,,4,SB 48x75,4275,17100
10/18/2021,,,2,SB 54x75,4333.5,8667
10/18/2021,,,2,DD 36x60,6824.25,13648.5
10/18/2021,,,4,DD 36x36,6054.75,24219
10/18/2021,,,3,DD 36x48,6176.25,18528.75
10/18/2021,,,4,DD 36x54,6540.75,26163
10/18/2021,Alson,44197,2,DD 36x36,5435,10870
10/18/2021,,,1,DD 36x36 Lotus,5035,5035
10/18/2021,,,3,DD 36x60,5935,17805
10/18/2021,,,1,Justine,9400,9400
10/18/2021,,,1,Platera 48 Spcl.,7125,7125
10/18/2021,,,1,Jacob,5440,5440
10/18/2021,Alson,44198,1,Nicole,10550,10550
10/18/2021,,,1,Steffany,12500,12500
10/18/2021,,,2,Francia,15450,30900
10/19/2021,Alson,44199,1,Francia,15450,15450
10/19/2021,Thesson,44200,6,OT 20x40,3435,20610
10/02/2021,Alson,47101,2,Imelda 4's,9335,18670
10/20/2021,Alson,47102,1,Dave,8380,8380
10/20/2021,,,1,Paul 60,9080,9080
10/20/2021,Alson,47103,1,DD 36x36,5435,5435
10/20/2021,,,2,DD 36x48,5585,11170
10/20/2021,,,1,DD 36x54,5785,5785
10/20/2021,,,2,SB 36x75,2985,5970
10/20/2021,,,1,Dining 4's,5660,5660
10/20/2021,,,1,Dining 6's,7510,7510
10/20/2021,,,2,Dining 8's,9110,18220
10/20/2021,,,1,Francia,15450,15450
10/20/2021,,,1,Paul 60,8580,8580
10/20/2021,,,1,Liera 60,9180,9180
10/20/2021,Alson,47104,1,Lexie,10250,10250
10/20/2021,Aries,47105,3,Dining 6's,8240,24720
10/20/2021,,,2,Dining 8's,10292,20584
10/20/2021,,,1,DD 36x54,6460,6460
10/20/2021,,,1,DD 36x48,6100,6100
10/21/2021,Consumer,47106,1,Imelda 4's,10837.5,10837.5
10/27/2021,Alson,47107,2,Dining 6's,7510,15020
10/27/2021,,,1,Chelsea,6065,6065
10/27/2021,,,1,Jillienne,7015,7015
10/27/2021,,,1,Liera 48,7725,7725
10/27/2021,,,1,Platera 60,8580,8580
10/27/2021,Alson,47108,1,Esmeralda 4's,10335,10335
10/27/2021,Clarahill,47109,1,Chloe,6065,6065
10/27/2021,,,3,Jillienne,7015,21045
10/27/2021,,,1,Platera 36,5590,5590
10/27/2021,WBE,47110,1,Center w/ 3/8,1012.5,1012.5
10/28/2021,Father & Son,47111,1,DD 36x36x,5980,5980
10/28/2021,,,2,SB 48x75,7600,15200
10/28/2021,,,2,SB 54x75,8560,17120
10/28/2021,,,1,Dining 6's ,8240,8240
10/28/2021,,,6,Chair # 102,944,5664
10/28/2021,Alson,47112,2,Dining 6's,7510,15020
10/28/2021,,,32,Dining Chair 102,710,22720
10/28/2021,,,1,Angeline,9065,9065
10/28/2021,,,1,Clarisse,10050,10050
10/28/2021,,,1,Platera 48 ,6975,6975
10/28/2021,,,1,Platera 60,8580,8580
10/28/2021,Alson,47113,1,Lalie,11700,11700
10/28/2021,,,1,Le Bron,13450,13450
10/28/2021,,,1,Nicole,10550,10550
10/28/2021,Alson,47114,1,Dining 4's,5660,5660
10/28/2021,,,2,Dining 6's,7510,15020
10/28/2021,,,1,Dining 8's,9110,9110
10/28/2021,,,3,Center w/ 3/8,1445,4335
10/28/2021,,,1,Cholo,6065,6065
10/28/2021,,,1,Marco,6065,6065
10/28/2021,,,1,Francia,15450,15450
10/28/2021,,,1,Liera 60,9180,9180
10/28/2021,Alson,47115,1,Le Bron,13450,13450
10/28/2021,Maya Belardo,47116,1,Imelda  W,10221,10221
10/29/2021,Clarahill,47117,2,Chloe,6065,12130
10/29/2021,,,2,Cholo,6065,12130
10/29/2021,,,2,Marco,6065,12130
10/29/2021,,,4,Jilliene,7015,28060
10/29/2021,Alson,47118,1,Francia,15450,15450
11/02/2021,Alson,47119,1,Jacob,5440,5440
11/02/2021,,,1,Garnet,6175,6175
11/02/2021,,,1,Montreal 60,7580,7580
11/02/2021,,,1,Red ,6930,6930
11/02/2021,,,10,Center w/ TG,1395,13950
11/02/2021,,,10,Side w/ TG,1095,10950
11/02/2021,,,2,Dining 6's,7510,15020
11/02/2021,,,1,Dining 8's,9110,9110
11/02/2021,,,1,Ayesha,16500,16500
11/02/2021,,,1,California,14300,14300
11/04/2021,father & Son,47120,1,SB 48x75,3686,3686
11/04/2021,,,1,SB 54x75,4151.6,4151.6
11/04/2021,,,1,Dining 8's,9983.24,9983.24
11/04/2021,,,1,Tables 6's,1916.72,1916.72
11/04/2021,Consumer,47121,1,Dining 8's ,10376.25,10376.25
11/05/2021,Kingswood,47122,2,Francia,15450,30900
11/05/2021,Kingswood,47123,1,Nicole,10550,10550
11/05/2021,,,1,Aleck,11000,11000
11/05/2021,,,1,Brewster,10550,10550
11/05/2021,,,1,Jella Spcl.,10350,10350
11/05/2021,,,1,Sheena,10550,10550
11/05/2021,,,1,Justine,9400,9400
11/05/2021,,,2,hazelle,9015,18030
11/05/2021,,,1,Khim,8850,8850
11/05/2021,,,1,Michelle,9115,9115
11/05/2021,,,1,Ayen,9065,9065
11/05/2021,,,1,celine,9115,9115
11/05/2021,,,1,Jessa,8215,8215
11/05/2021,,,1,Avor,12650,12650
11/05/2021,,,1,Bella,8150,8150
11/05/2021,Clarahill,47124,1,Chloe,6065,6065
11/05/2021,,,1,Paul 60,9080,9080
11/05/2021,,,1,Jonas,6575,6575
11/05/2021,Alson,47125,2,Dining 8's,9110,18220
11/05/2021,,,1,SB 48x75,33385,33385
11/05/2021,,,2,SB 54x75,3735,7470
11/05/2021,,,1,FRancia,15450,15450
11/05/2021,,,1,Lalie,11700,11700
11/05/2021,,,1,Claris,10050,10050
11/05/2021,,,1,Ayesha,16500,16500
11/05/2021,,,1,ayen,9065,9065
11/05/2021,,,1,Paul 60,9080,9080
11/05/2021,,,1,Platera 36,5590,5590
11/05/2021,,,1,Liera 48,7725,7725
11/05/2021,,,1,Jacob,5440,5440
11/05/2021,Multi Brand,47126,1,SB 36x75,3720,3720
11/05/2021,,,1,SB 48x75,4176,4176
11/05/2021,,,1,SB 54x75,4656,4656
11/05/2021,,,1,SB 60x75,4936,4936
11/05/2021,,,1,DD 36x36,6400,6400
11/05/2021,,,1,DD 36x48,6840,6840
11/05/2021,,,1,DD 36x54,7000,7000
11/05/2021,,,1,DD 36x60,7360,7360
11/05/2021,,,2,Dining 6's,8760,17520
11/06/2021,Doc Tama,47127,5,Imelda 4's A,10000,50000
11/06/2021,,,4,Imelda 4's W,10000,40000
11/06/2021,,,1,Imelda 311,10000,10000
11/06/2021,Doc Tama,47128,1,Portugal,7312.5,7312.5
11/06/2021,,,1,Copenhagen,7312.5,7312.5
11/06/2021,Consumer,47129,1,Francia,17025,17025
11/12/2021,Alsons,47130,1,SB 60x75,3835,3835
11/12/2021,,,1,Hazelle,9015,9015
11/12/2021,,,1,Le Bron,13450,13450
11/12/2021,,,1,Michelle,9115,9115
11/12/2021,,,1,jella Spcl.,10350,10350
11/12/2021,,,1,Bahamas 60,7530,7530
11/12/2021,,,1,Garnet,6725,6725
11/12/2021,,,1,Liera 60,9180,9180
11/12/2021,,,1,Platera 60,8580,8580
11/12/2021,,,1,Nicole,10550,10550
11/12/2021,Alson,47131,1,Imelda 4's A,9135,9135
11/12/2021,Consumer,47132,1,Francia,17025,17025
11/12/2021,Consumer,47133,1,Michelle,9562.5,9562.5
11/13/2021,Kens,47134,1,Chelsea,6525,6525
11/13/2021,,,1,Chollo,6525,6525
11/13/2021,,,24,Dining Chair 102,937.5,22500
11/13/2021,Clarahill,47135,2,SB 36x75,2985,5970
11/13/2021,,,2,SB 48x75,3385,6770
11/13/2021,,,3,SB 54x75,3735,11205
11/13/2021,,,1,Paul 60,9080,9080
11/13/2021,,,1,Bar Counter 60,10745,10745
11/13/2021,Lianzams,47136,1,Imelda 4's A,10512,10512
11/15/2021,Clarahill,47137,3,Chollo,6065,18195
11/15/2021,,,3,Chloe,6065,18195
11/15/2021,,,3,Marco,6065,18195
11/15/2021,,,9,Jillienne,7015,63135
11/15/2021,WBE,47138,2,Center Table,1012.5,2025
11/16/2021,Alson,47139,2,Francia,15450,30900
11/16/2021,,,2,le Bron,13450,26900
11/16/2021,,,1,Lalie,11700,11700
11/16/2021,,,1,Lexie,10250,10250
11/16/2021,Alson,47140,1,Khim,8850,8850
11/16/2021,Alson,47141,3,dining 4's,5660,16980
11/16/2021,,,4,dining 6's,7510,30040
11/16/2021,,,1,Chelsea,6065,6065
11/16/2021,,,1,Jessa,8215,8215
11/16/2021,,,1,Liera 60,9180,9180
11/16/2021,,,1,dave,8380,8380
11/16/2021,Alson,47142,1,Francia,15450,15450
11/17/2021,Maya Belardo,47143,3,DD 36x54,6365.63,19096.88
11/17/2021,,,5,SB 48x75,3797.55,18987.75
11/18/2021,Consumer,47144,1,Francia,17025,17025
11/18/2021,,,1,Dining 6's,8212.5,8212.5
11/22/2021,Century,47145,2,Aleck,12474,24948
11/22/2021,,,1,Clarisse,10692,10692
11/22/2021,,,1,Avor,14256,14256
11/22/2021,,,1,Bella,9477,9477
11/22/2021,,,6,Francia,17415,104490
11/22/2021,,,1,Angeline,9679.5,9679.5
11/22/2021,,,1,Michelle,9679.5,9679.5
11/22/2021,,,2,Hazelle,9679.5,19359
11/22/2021,,,2,Wennylen,9679.5,19359
11/22/2021,,,1,Ayen,9679.5,9679.5
11/12/2021,Century,47147,2,Imelda 4's A,10789.2,21578.4
11/22/2021,Consumer,47148,1,SB 36x75,3487.5,3487.5
11/22/2021,,,1,SB 48x75,3915,3915
11/22/2021,,,1,SB 54x75,4365,4365
11/22/2021,,,1,SB 60x75,4627.5,4627.5
11/22/2021,,,1,Francia,17025,17025
11/23/2021,Alson,47149,2,Dining 4's,5660,11320
11/23/2021,,,2,Dining 8's,9110,18220
11/23/2021,,,2,Francia,15450,30900
11/23/2021,,,1,Marco,6065,6065
11/23/2021,,,1,Jilliene,7015,7015
11/23/2021,Alson,47150,2,Imelda 4's,9135,18270
11/23/2021,Kens,48001,1,Clarisse,10350,10350
11/23/2021,,,1,Khim,9637.5,9637.5
11/23/2021,Maya Belardo,48002,1,La Elegancia,11676,11676
11/23/2021,Nueva Cam Sur,48003,1,Clarisse,11616,11616
11/23/2021,,,1,Khim,11000,11000
11/23/2021,,,1,Chollo,7172,7172
11/23/2021,,,1,Chelsea,7172,7172
11/23/2021,,,2,Jessa,9680,19360
11/23/2021,,,1,Jilliene,8668,8668
11/23/2021,,,1,Hazelle,10516,10516
11/23/2021,,,1,WEnnylen,10516,10516
11/23/2021,,,1,Liera 60,10824,10824
11/23/2021,,,1,Bahamas 60,8932,8932
11/23/2021,,,2,Sapphire,8285.2,16570.4
11/23/2021,,,1,Ayen,10516,10516
11/23/2021,,,1,Celine,10516,10516
11/23/2021,Father & Son,48004,1,Platera 48,7499.52,7499.52
11/23/2021,,,6,Dining Chair # 102,906.24,5437.44
11/23/2021,,,1,SB 54x75,4108.8,4108.8
11/23/2021,,,1,SB 48x75,3648,3648
11/23/2021,,,1,SB 36x75,3302.4,3302.4
11/25/2021,Maya Belardo,48005,1,Imelda 311,10730,10730
11/26/2021,Kens,48006,2,Dining Table 6's,1950,3900
11/26/2021,Alson,48007,1,Dining 6's,7510,7510
11/29/2021,Consumer,48008,3,Dining 6's,8212.5,24637.5
11/29/2021,,,4,SB 36x75,3487.5,13950
11/29/2021,,,1,Cattleya,3727.5,3727.5
11/29/2021,,,4,SB 54x75,4365,17460
11/29/2021,,,4,SB 60x75,4627.5,18510
11/29/2021,,,3,DD 36x36,6000,18000
11/29/2021,,,1,Chollo,6525,6525
11/29/2021,,,1,Bubbles,6525,6525
11/29/2021,,,2,Chelsea,6525,13050
11/29/2021,,,1,Michelle,9562.5,9562.5
11/29/2021,,,1,Hazelle,9562.5,9562.5
11/29/2021,,,1,Wennylen,9562.5,9562.5
11/29/2021,Consumer,48009,1,Liera 48,8257.5,8257.5
11/29/2021,,,1,Paul 48,8257.5,8257.5
11/29/2021,,,1,Liera 60,9802.5,9802.5
11/29/2021,,,1,Paul 60,9772.5,9772.5
11/29/2021,,,1,Ruth ,7012.5,7012.5
11/29/2021,,,1,Jonas,7012.5,7012.5
11/29/2021,,,2,Jethro,8445,16890
11/29/2021,Consumer,48010,1,Khim,9637.5,9637.5
11/29/2021,,,1,Nicole,11250,11250
11/29/2021,,,1,WEnnylen,9562.5,9562.5
11/29/2021,,,1,Michelle,9562.5,9562.5
11/29/2021,,,1,Chelsea,6525,6525
11/29/2021,,,1,Chloe,6525,6525
11/29/2021,,,2,DD 36x48,12825,25650
11/29/2021,,,2,DD 36x60,13800,27600
11/29/2021,,,1,Paul 48,8257.5,8257.5
11/29/2021,Alson,48011,1,Dining 6's,7510,7510
11/30/2021,Kaneda,48012,4,Imelda 4's w,10837.5,43350
11/30/2021,,,5,Imelda 4's A,10837.5,54187.5
11/30/2021,,,1,Spanish 4's A,10837.5,10837.5
11/30/2021,,,2,La Elegancia,12037.5,24075
11/30/2021,Kaneda,48013,1,Dining 4's,6240,6240
11/30/2021,Kaneda,48014,8,La Elegancia,12037.5,96300
11/30/2021,Alson,48015,1,Francia,15450,15450
11/30/2021,,,1,Lalie,11700,11700
12/01/2021,Alson,48016,1,Clarisse,10050,10050
12/01/2021,,,2,SB 60x75 Cattleya,3585,7170
12/01/2021,,,2,SB 54x75 Cattleya,3435,6870
12/01/2021,,,2,SB 36x75 Cattleya,3735,7470
12/01/2021,,,1,SB 54x75 FC,3935,3935
12/01/2021,,,1,SB 54x75,3735,3735
12/01/2021,,,1,SB 36x75 ,3985,3985
12/01/2021,,,3,Dining 6's,7510,22530
12/01/2021,,,1,Ericka,9790,9790
12/01/2021,,,1,Madrid,7680,7680
12/01/2021,,,1,Jericho 60,10580,10580
12/01/2021,Father & Son,48017,1,Ruth 48,6580,6580
12/01/2021,,,1,Jonas,6580,6580
12/01/2021,,,1,Paul 60,9212,9212
12/01/2021,,,1,jethro ,7971.2,7971.2
12/01/2021,,,1,Dining 8's,9674.48,9674.48
12/01/2021,,,1,Dining 6's,7745.6,7745.6
12/01/2021,Nueva Cam Sur,48018,2,DD 36x36,5791.5,11583
12/01/2021,,,2,DD 36x48,5947.5,11895
12/01/2021,,,1,Dining 6's,8034,8034
12/01/2021,,,1,SB 60x75,4485,4485
12/01/2021,Consumer,48019,7,Center w/ 3/8 TG,13237.5,92662.5
12/01/2021,,,1,Michelle,9562.5,9562.5
12/01/2021,Consumer,48020,1,Francia,17025,17025
12/01/2021,Consumer,48021,1,Ayesha,16950,16950
12/01/2021,,,1,Bella,8962.5,8962.5
12/01/2021,Reshiel,48022,1,Jonas ,6150,6150
12/04/2021,Consumer,48023,1,Dining 8's,10376.25,10376.25
12/04/2021,,,1,Noah 60,11505,11505
12/06/2021,Kingswood,48024,6,SB 60x75,3835,23010
12/06/2021,,,2,Francia,15450,30900
12/06/2021,,,2,Ayesha,16000,32000
12/06/2021,Lianzam,48025,1,Esmeralda 6's,14805,14805
12/06/2021,Alsons,48026,1,Dining 8's,9110,9110
12/06/2021,,,1,DD 48,5585,5585
12/06/2021,,,1,DD 60,6135,6135
12/06/2021,,,1,SB 48,3385,3385
12/06/2021,,,1,SB 54,3735,3735
12/06/2021,,,1,SB 60x75,3835,3835
12/06/2021,,,1,Chelsea,6065,6065
12/06/2021,,,1,Chollo,6065,6065
12/06/2021,,,1,Marco,6065,6065
12/07/2021,Alson,48027,3,Dining 6's,7510,22530
12/07/2021,,,3,Dining 8's,9110,27330
12/07/2021,,,1,Glass 8's,2325,2325
12/07/2021,,,5,Center,1445,7225
12/07/2021,,,3,Sb 48x75,3385,10155
12/07/2021,,,4,SB 54x75,3735,14940
12/07/2021,,,2,SB 60x75,3835,7670
12/07/2021,,,1,SB 60x75 Cattleya,3585,3585
12/07/2021,,,3,DD 36x36,5435,16305
12/07/2021,,,3,DD 36x48,5585,16755
12/07/2021,,,1,Jella Spcl.,10350,10350
12/07/2021,,,1,Le Bron,13450,13450
12/07/2021,Alson,48028,1,Paul 48,7725,7725
12/07/2021,,,1,Dave 60,8380,8380
12/07/2021,,,1,Jacob,5440,5440
12/07/2021,,,2,Jethro,7930,15860
12/07/2021,,,1,Jericho 60,10580,10580
12/07/2021,,,1,Noah 60,10580,10580
12/07/2021,,,1,Ruth,6575,6575
12/07/2021,,,1,Ericka,9790,9790
12/07/2021,,,1,Red,6930,6930
12/07/2021,,,1,Platera 48,6975,6975
12/07/2021,Alson,48029,1,Imelda 4's A,9135,9135
12/07/2021,Rovick,48030,4,Foam 48x4,2995,11980
12/07/2021,,,2,Foam 60x4,3570,7140
12/07/2021,,,1,Foam 48x6,4095,4095
12/07/2021,Alson,48031,1,Nicole,10550,10550
12/07/2021,,,1,Francia,15450,15450
12/08/2021,Vacams,48032,1,Mikas,8445,8445
12/08/2021,,,2,Chelsea,6525,13050
12/08/2021,,,1,Chollo,6525,6525
12/08/2021,,,1,Dining 8's,10376.25,10376.25
12/08/2021,,,3,Center 3/8,1890,5670
12/08/2021,Alson,48033,3,Dining 4's,5660,16980
12/09/2021,Alson,48034,1,DD 36x54,5785,5785
12/09/2021,Alson,48037,6,SB 36x75,2985,17910
12/09/2021,,,6,SB 48x75,3385,20310
12/09/2021,,,2,SB 60x75,3835,7670
12/09/2021,,,6,Dining 6's,7510,45060
12/09/2021,,,2,Francia ,15450,30900
12/13/2021,Alson,48038,4,Dining 6's,7510,30040
12/13/2021,,,3,Dining 4's,5660,16980
12/13/2021,,,2,Dining 8's,9110,18220
12/13/2021,,,1,Chloe,6065,6065
12/13/2021,,,1,Justine,9400,9400
12/13/2021,,,1,Ayesha,16000,16000
12/13/2021,,,1,Paul 48,7725,7725
12/13/2021,Alson,48039,1,Spanish 4's A,9135,9135
12/14/2021,Clarahill,48040,2,SB 48x75,3385,6770
12/14/2021,,,2,SB 54x75,3735,7470
12/14/2021,,,3,Chloe,6065,18195
12/14/2021,,,1,Cholo,6065,6065
12/14/2021,,,2,Francia,15450,30900
12/14/2021,Clarahill,48041,2,Spanish 4's A,9135,18270
12/14/2021,Clarahill,48042,1,La Elegancia,10635,10635
12/14/2021,Consumer,48043,1,Michelle,9562.5,9562.5
12/16/2021,Kingswood,48044,3,Francia,15450,46350
12/16/2021,Clarahill,48045,2,SB 48x75,3385,6770
12/16/2021,,,1,SB 54x75,3735,3735
12/16/2021,Clarahill,48046,1,La Elegancia,10635,10635
12/16/2021,,,,,,
12/17/2021,Nueva Cam Sur,48047,6,Dining 6's,8034,48204
12/17/2021,,,1,Khim,8034,8034
12/17/2021,,,1,Marco,8034,8034
12/17/2021,,,1,Steffany,8034,8034
12/17/2021,,,1,Le Bron,8034,8034
12/17/2021,,,1,Celine,8034,8034
12/17/2021,,,20,Dining Chair ,8034,160680
12/17/2021,,,2,SB 48x75,8034,16068
12/17/2021,Father & Son,48048,2,Dining 6's,8240,16480
12/17/2021,,,2,Platera 48,7812,15624
12/17/2021,,,2,Liera 60,9760,19520
12/17/2021,Alson,48049,1,Jethro ,7930,7930
12/21/2021,Century,48050,2,Ayen,7840.395,15680.79
12/21/2021,,,2,Michelle,7840.395,15680.79
12/21/2021,,,2,Angeline,7840.395,15680.79
12/21/2021,,,2,Lalie,10825.65,21651.3
12/21/2021,,,1,Francia,14106.15,14106.15
12/21/2021,,,2,Sophia,6170.6205,12341.24
12/21/2021,,,2,DD 36x54,5298.0075,10596.02
12/21/2021,Century,48051,1,Esmeralda 4's,15187.5,15187.5
12/21/2021,Rovick jay,48052,1,Clarisse,11040,11040
12/21/2021,,,1,Francia,22700,22700
12/21/2021,,,1,Julius,15500,15500
12/21/2021,,,1,Lexie,14300,14300
12/21/2021,,,1,Avor,18250,18250
12/21/2021,,,1,California,20000,20000
12/21/2021,,,1,Shiela,14650,14650
12/21/2021,,,1,Aleck,15950,15950
12/21/2021,,,2,SB 36x75,4650,9300
12/21/2021,Consumer,48054,1,lalie,13200,13200
12/21/2021,Consumer,48054,1,Dining 8's,10376.25,10376.25
12/21/2021,Vamacs,48055,1,Celine,9562.5,9562.5
12/21/2021,Vamacs,48055,1,Michelle,9562.5,9562.5
12/21/2021,Vamacs,48055,1,Bella,8962.5,8962.5
12/21/2021,Vamacs,48055,2,dining 6's,8212.5,16425
12/23/2021,Alson,48056,1,Dining 8's,9110,9110
12/23/2021,Alson,48056,1,Francia,15450,15450
12/23/2021,Kens,48057,1,Bella,8962.5,8962.5
12/23/2021,Kens,48057,1,Ayen,9562.5,9562.5
12/23/2021,Kens,48057,1,Justine,10387.5,10387.5
12/23/2021,Kens,48057,1,Jella,11250,11250
12/23/2021,Alson,48058,1,SB 36x75,2985,2985
12/23/2021,Alson,48058,1,SB 54x75,3735,3735
12/23/2021,Alson,48058,1,SB 48x75,3385,3385
12/23/2021,Alson,48058,1,DD 36x54,5785,5785
12/23/2021,Alson,48058,1,DD 36x36,5435,5435
12/23/2021,Alson,48058,1,DD 36x60,6135,6135
12/23/2021,Alson,48058,2,Dining 8's,9110,18220
12/23/2021,Alson,48058,1,Lalie,11700,11700
12/23/2021,Alson,48058,1,Ayesha,15000,15000
12/24/2021,Alson,48059,2,Dining 4's,5660,11320
12/24/2021,Alson,48059,1,Bella,8150,8150
12/24/2021,Alson,48059,1,Khim,8850,8850
12/24/2021,Alson,48059,1,Lalie,11700,11700
12/24/2021,Alson,48059,1,Le Bron,13450,13450
12/24/2021,Clarahill,48060,3,La Elegancia,10635,31905
12/24/2021,Consumer,48061,1,DD 36x36,6000,6000
12/27/2021,Century,48062,3,Dining 4's,6423.3,19269.9
12/27/2021,Century,48062,3,Ayen,9679.5,29038.5
12/27/2021,Century,48062,2,Wennylen,9679.5,19359
12/27/2021,Century,48062,1,celine,9679.5,9679.5
12/27/2021,Century,48062,1,Clarisse,10692,10692
12/27/2021,Century,48062,2,Bella,9477,18954
12/27/2021,Century,48062,2,Francia,17415,34830
12/27/2021,Century,48062,1,Ericka,5346,5346
12/27/2021,Rovick jay,48063,1,48x6,3276,3276
12/27/2021,Rovick jay,48063,1,Nicole,12000,12000
12/27/2021,Rovick jay,48063,1,Cholo,6960,6960
12/27/2021,Rovick jay,48063,1,Chelsea,6960,6960
12/27/2021,Rovick jay,48063,1,Marco,6960,6960
12/27/2021,Rovick jay,48063,1,Chloe,6960,6960
12/27/2021,Alson,48064,3,Dining 6's,7510,22530
12/27/2021,Alson,48064,3,DD 36x36,5435,16305
12/27/2021,Alson,48064,3,DD 36x54,5785,17355
12/27/2021,Alson,48064,1,le Bron,13450,13450
12/27/2021,Alson,48064,2,Francia,15450,30900
12/27/2021,Alson,48064,1,Angeline,9065,9065
12/27/2021,Lianzam,48065,1,La Elegancia,12112.5,12112.5
12/29/2021,Maya Belardo,48066,1,Esmeralda 4's,11749.12,11749.12
01/04/2022,Kingswood,48069,1,Imelda 4's A,9135,9135
01/04/2022,,,1,La Elegancia,10635,10635
01/04/2022,,,1,Esmeralda 4's,10335,10335
01/04/2022,,,1,Imelda 4's W,8935,8935
01/04/2022,Kingswood,48070,2,Dining 8's,9110,18220
01/04/2022,,,2,Dining 6's,7510,15020
01/04/2022,,,1,Bella,8150,8150
01/04/2022,Alson,48071,1,Francia,15450,15450
01/04/2022,Kens,48072,1,Khim,9637.5,9637.5
01/04/2022,,,1,Wennylen,9562.5,9562.5
01/04/2022,,,1,OT 18x36,2685,2685
01/04/2022,,,1,OT 20x40,2910,2910
01/04/2022,,,1,Jonas,7012.5,7012.5
01/04/2022,,,1,Eleazar,6063.75,6063.75
01/04/2022,Alson,48073,1,Francia,15450,15450
01/04/2022,,,1,Lalie,11700,11700
01/04/2022,,,1,Le Bron,13450,13450
01/04/2022,,,1,Clarisse,10050,10050
01/04/2022,,,1,Celine,9115,9115
01/04/2022,,,1,Ayen,9065,9065
01/04/2022,,,1,Jethro,7930,7930
01/04/2022,,,1,Jacob,5440,5440
01/04/2022,,,1,SB 60x75,3835,3835
01/10/2022,Father & Son,48074,2,Jethro,8480,16960
01/10/2022,,,2,Jonas,7000,14000
01/10/2022,,,2,Platera 48,7812,15624
01/10/2022,,,1,SB 36x75,3440,3440
01/10/2022,,,1,SB 48x75,3800,3800
01/10/2022,,,1,SB 54x75,4280,4280
01/10/2022,,,1,SB 60x75,4600,4600
01/10/2022,,,1,DD 36x36,5980,5980
01/10/2022,,,1,DD 36x48,6100,6100
01/10/2022,,,1,DD 36x54,6460,6460
01/10/2022,,,1,DD 36x60,6740,6740
01/10/2022,,,2,Center Table w/ 3/8,1824,3648
01/10/2022,Kaneda,48075,1,OT 24x48,3435,3435
01/11/2022,RSB,48076,3,OT 24x48,3435,10305
01/11/2022,Consumer,48077,1,SB 60x75,4627.5,4627.5
01/11/2022,,,1,DD 36x60,6900,6900
01/11/2022,,,1,Francia,17025,17025
1/14/2022,Alson,48078,2,SB 60x75,3835,7670
1/14/2022,Consumer,48079,1,Hazelle,3187.5,3187.5
1/15/2022,Alson,48080,1,DD 36x60,6135,6135
1/18/2022,Thesson,48081,1,Bella,2987.5,2987.5
1/18/2022,,,1,Center Table w/ 3/8,1890,1890
1/19/2022,Clarahill,48082,1,DD 36x48,5585,5585
1/20/2022,Alson,48083,5,Center Table w/ 3/8,1445,7225
1/20/2022,Alson,48084,1,Imelda 4's A,9135,9135
1/20/2022,Alson,48085,2,Dining 8's,9110,18220
1/20/2022,,,2,Dining 6's,7510,15020
1/20/2022,,,2,DD 36x60,6135,12270
1/20/2022,,,2,DD 36x54,5785,11570
1/20/2022,,,1,DD 36x48,5585,5585
1/20/2022,,,2,SB 60x75,3835,7670
1/20/2022,,,2,SB 48x75,3385,6770
1/20/2022,,,1,SB 48x75 Cattleya,3135,3135
1/20/2022,,,1,Clarisse,10050,10050
1/21/2022,Nueva Cam Sur,48066,2,Dining 4's,6185.4,12370.8
1/21/2022,,,3,Dining 6's,8034,24102
1/21/2022,,,2,Dining 8's,10034.7,20069.4
1/21/2022,,,3,SB 36x75,3354,10062
1/21/2022,,,3,SB 48x75,3705,11115
1/21/2022,,,2,DD 36x48,5947.5,11895
1/22/2022,Father & Son,48087,1,Jericho ,11852,11852
1/22/2022,,,2,SB 60x75,4600,9200
1/22/2022,,,2,SB 54x75,4280,8560
1/22/2022,,,2,SB 36x75,3440,6880
1/22/2022,,,6,Dining Chair ,944,5664
1/22/2022,Alson,48088,1,Paul 60,9080,9080
1/22/2022,,,1,Paul 48,7725,7725
1/22/2022,,,1,Liera 48,7725,7725
1/22/2022,,,1,Jethro ,7930,7930
1/22/2022,,,1,Jonas,6575,6575
1/24/2022,Alson,48089,2,Francia,15450,30900
1/24/2022,,,2,Le Bron,13450,26900
1/24/2022,,,1,Bella,8150,8150
1/24/2022,,,2,SB 36x75,2985,5970
1/24/2022,,,1,SB 48x75,3385,3385
1/24/2022,,,2,SB 54x75,3735,7470
1/24/2022,,,2,SB 60x75,3835,7670
1/24/2022,,,2,DD 36x36,5435,10870
1/24/2022,,,2,DD 36x48,5585,11170
1/24/2022,,,2,DD 36x54,5785,11570
1/24/2022,,,2,DD 36x60,6135,12270
1/24/2022,Alson,48090,4,Dining 8's,9110,36440
1/24/2022,,,1,Francia,15450,15450
1/24/2022,,,1,le Bron,13450,13450
1/24/2022,,,1,Jessa,8215,8215
1/24/2022,,,1,Justine,9400,9400
1/24/2022,,,1,Wennylen,9115,9115
1/25/2022,Consumer,48091,1,Dining 8's,7782.19,7782.19
1/28/2022,Consumer,48092,5,Center Table w/ 3/8,1890,9450
1/28/2022,,,2,DD 36x36,6000,12000
1/28/2022,,,2,DD 36x48,6412.5,12825
1/28/2022,,,2,DD 36x54,6562.5,13125
1/28/2022,,,4,Dining Chair # 102,937.5,3750
1/28/2022,,,1,Luxemburg,9442.5,9442.5
1/28/2022,,,1,Bahamas 60,8025,8025
1/28/2022,,,1,Mikas,8445,8445
1/28/2022,,,1,Liera 60,9802.5,9802.5
1/28/2022,,,1,Garnet,7312.5,7312.5
1/28/2022,,,1,Paul 48,8257.5,8257.5
1/28/2022,,,1,Jacob,5812.5,5812.5
1/28/2022,Consumer,48093,1,Nicole,11250,11250
1/28/2022,,,1,California,15000,15000
1/28/2022,,,1,Angeline,9562.5,9562.5
1/28/2022,,,1,Brewster,11250,11250
1/28/2022,,,1,Corner Adams w/ stool,15525,15525
1/28/2022,,,1,Marco ,6525,6525
1/28/2022,,,1,Shiela,10987.5,10987.5
1/28/2022,Bodega,48094,4,Dining 8's,10376.25,41505
1/28/2022,,,4,Dining 6's,8212.5,32850
1/29/2022,Walk In,48095,1,Foam 48x4,2396,2396
1/29/2022,Consumer,48096,,Replacement ,0,0
1/30/2022,alson,48097,1,Angeline,9065,9065
1/30/2022,,,1,Wennylen,9115,9115
1/30/2022,,,1,Hazelle,9015,9015
1/30/2022,,,1,Francia,15450,15450
1/30/2022,,,1,DD 36x36,5435,5435
1/30/2022,,,2,Dining 6's,7510,15020
1/30/2022,Alson,48098,1,Imelda 311,9535,9535
1/30/2022,,,1,Esmeralda 4's,10335,10335
02/01/2022,Aries,48099,3,Marco,6520,19560
02/01/2022,,,3,Chloe,6520,19560
02/01/2022,,,1,Justine,10384,10384
02/01/2022,,,1,Bethany,20112,20112
02/01/2022,,,1,Le  Bron,15040,15040
02/01/2022,,,1,Francia,17200,17200
02/01/2022,,,1,Hazelle,9560,9560
02/01/2022,,,1,Wennylen,9560,9560
02/01/2022,,,3,Dining 6's,8240,24720
02/01/2022,,,1,Dining 8's,10292,10292
02/01/2022,,,8,Dining Chair ,944,7552
02/01/2022,aries,48100,3,Side w/ 3/8,1512,4536
02/01/2022,,,3,Center w/ 3/8,1824,5472
02/01/2022,,,1,Paul 60,9800,9800
02/01/2022,,,1,Liera 60,9840,9840
02/01/2022,,,1,Portugal,7532,7532
02/01/2022,Nueva Cam Sur,48751,2,Michelle,18642,37284
02/01/2022,,,1,Celine,9321,9321
02/01/2022,,,1,Hazelle,9321,9321
02/01/2022,,,1,Chelsea,6357,6357
02/01/2022,,,2,Marcoo,6357,12714
02/01/2022,Alson ,48752,1,Jessa,8215,8215
02/01/2022,,,1,celine,9115,9115
02/01/2022,,,1,Hazelle,9015,9015
02/01/2022,,,1,Wennylen,9115,9115
02/01/2022,Alson,48753,1,Jethro,7930,7930
02/01/2022,,,1,Jonas,6575,6575
02/01/2022,Nuva Cam Sur,48754,1,Ayen,9321,9321
02/01/2022,,,2,Wennylen,18642,37284
02/01/2022,,,2,Cholo,6357,12714
02/01/2022,,,2,Chloe,6357,12714
02/01/2022,,,2,SB 48x75,3705,7410
02/01/2022,,,1,SB 54x75,4173,4173
02/01/2022,Kingswood,48755,6,Dining 6's,7510,45060
02/01/2022,,,5,DD 36x36,5435,27175
02/01/2022,,,1,DD 36x36 Lotus,5035,5035
02/03/2022,Consumer,48756,2,SB 36x75,3487.5,6975
02/03/2022,,,2,SB 54x75,4365,8730
02/03/2022,,,1,SB 60x75,4627.5,4627.5
02/03/2022,,,5,Center w/ 3/8,1890,9450
02/03/2022,,,2,Dining 6's,8212.5,16425
02/03/2022,,,2,Dining 4's,6240,12480
02/03/2022,,,1,Red ,7350,7350
02/03/2022,,,1,Chloe,6525,6525
02/03/2022,,,1,Chelsea,6525,6525
02/03/2022,Alson,48757,1,SB 60x75,3835,3835
02/03/2022,Alson,48758,2,Dining 4's,5660,11320
02/03/2022,,,2,Dining 6's,7510,15020
02/03/2022,,,2,Dining 8's,9110,18220
02/03/2022,,,1,Khim,8850,8850
02/04/2022,Alson,48759,4,Imelda 4's A,9335,37340
02/04/2022,Century,48760,2,Hazelle,9679.5,19359
02/04/2022,,,1,lalie,13365,13365
02/04/2022,,,1,celine,9679.5,9679.5
02/04/2022,,,12,Side w/ 3/8,1530.9,18370.8
02/04/2022,,,2,DD 36x36,6054.75,12109.5
02/04/2022,,,2,DD 36x54,6540.75,13081.5
02/04/2022,Alson,48761,4,Dining 6's,7510,30040
02/04/2022,,,4,Dining 8's,9110,36440
02/04/2022,,,2,DD 36x36,5435,10870
02/04/2022,,,1,DD 36x36 Cattleya,5035,5035
02/04/2022,,,2,DD 36x48,5585,11170
02/04/2022,,,1,DD 36x48 Cattleya,5335,5335
02/04/2022,,,2,DD 36x54,5785,11570
02/04/2022,,,1,DD 36x54 Cattleya,5735,5735
02/04/2022,,,3,DD 36x60,6135,18405
02/04/2022,,,3,SB 36x75,2985,8955
02/04/2022,,,3,SB 48x75,3385,10155
02/04/2022,,,3,Sb 54x75,3735,11205
02/04/2022,Alson,48762,3,SB 60x75,3835,11505
02/04/2022,,,1,Celine,9115,9115
02/04/2022,,,1,Nicole,10550,10550
02/04/2022,,,1,Adams,11000,11000
02/04/2022,,,1,Clarisse,10050,10050
02/04/2022,,,1,Sheena,10550,10550
02/04/2022,,,2,Justine,9400,18800
02/04/2022,,,1,Le Bron,13450,13450
02/04/2022,,,1,Jacob,5440,5440
02/04/2022,,,1,Jonas,6575,6575
02/04/2022,,,1,Jethro,7930,7930
02/04/2022,,,1,Red ,6930,6930
02/04/2022,,,1,Eleazar,5575,5575
02/04/2022,Century ,48763,1,Esmeralda 6's,15187.5,15187.5
02/04/2022,Consumer,48764,1,Justine,10387.5,10387.5
02/04/2022,,,1,Brewster,11250,11250
02/04/2022,Vamacs,48765,3,Center w/ 3/8,1890,5670
02/04/2022,,,1,Jacob,5812.5,5812.5
02/04/2022,,,1,Celine,9562.5,9562.5
02/04/2022,,,1,Angeline,9562.5,9562.5
02/04/2022,,,1,Sheena,11250,11250
02/05/2022,Jayson,48766,2,Dining 4's,5660,11320
02/05/2022,,,2,Dining 6's,7510,15020
02/05/2022,,,2,Dining 8's,9110,18220
02/05/2022,,,1,Celine,9115,9115
02/05/2022,Clarahill,48767,2,Corner Adams w/ Stool,14250,28500
02/04/2022,Walk IN,48768,1,Francia,17025,17025
02/05/2022,Alson,48769,1,SB 60x75,3835,3835
02/05/2022,,,1,SB 54x75 Cattleya,3435,3435
02/05/2022,,,2,SB 54x75,3735,7470
02/05/2022,,,1,Jethro,7930,7930
02/05/2022,,,1,Madrid,8580,8580
02/05/2022,,,1,Georgia,7780,7780
02/07/2022,Thesson,48770,1,Justine,10387.5,10387.5
02/07/2022,,,1,Center w/ 3/8,1890,1890
02/09/2022,Clarahill,48771,2,Chelsea,6065,12130
02/09/2022,,,3,Chloe,6065,18195
02/09/2022,Clarahill,48772,1,Chelsea,6065,6065
02/09/2022,,,1,Chloe,6065,6065
02/09/2022,Alson,48773,1,Chelsea,6065,6065
02/10/2022,Consumer,48774,1,Judah,7012.5,7012.5
02/10/2022,,,1,Nicole,11250,11250
02/10/2022,,,1,Michelle,9562.5,9562.5
02/10/2022,,,2,Center w/ 3/8,1890,3780
02/12/2022,Liamzam,48775,1,Imelda 4's A,10837.5,10837.5
02/12/2022,Vamacs,48776,2,DD 36x48,6412.5,12825
02/12/2022,,,1,DD 36x54,6562.5,6562.5
02/12/2022,,,1,Steffany,13593.75,13593.75
02/12/2022,,,1,Chloe,6525,6525
2/14/2022,Century ,48777,2,Marco,6601.5,13203
2/14/2022,,,2,Cholo,6601.5,13203
2/14/2022,,,2,Chloe,6619.5,13239
2/14/2022,,,2,Chelsea,6601.5,13203
2/14/2022,,,2,Bella,9477,18954
2/14/2022,,,4,Francia,17415,69660
2/14/2022,,,1,Michelle,9679.5,9679.5
2/14/2022,,,1,Lalie,13365,13365
2/14/2022,,,3,DD 36x48,6176.25,18528.75
2/14/2022,Century,48778,4,Dining 4's,6423.3,25693.2
2/14/2022,,,10,Dining 6's,8343,83430
2/14/2022,,,10,Dining 8's,10420.65,104206.5
2/14/2022,,,2,Sb 48x75,3847.5,7695
2/14/2022,,,1,DD 36x54,6540.75,6540.75
2/14/2022,,,1,DD 36x36,6054.75,6054.75
2/14/2022,Alson,48779,1,Gideon,7930,7137
2/17/2022,Thesson,48780,1,Marco,6525,6525
2/17/2022,,,1,Center w/ 3/8,1890,1445
2/18/2022,Luz Batac,48781,2,Dining 6's,7966.13,7510
2/18/2022,,,1,Dining 4's,6052.8,5660
2/19/2022,Alson,48782,1,Dining 8's,9110,9110
2/19/2022,,,1,Dining 6's,7510,7510
2/19/2022,Alson,48783,1,Imelda 4's A,9335,9335
2/19/2022,Alson,48784,1,Francia,15450,15450
2/19/2022,,,1,Chloe,6065,6065
2/19/2022,,,4,SB 54x75,3735,3735
2/19/2022,,,2,SB 60 Fc,4235,8470
2/19/2022,,,2,DD 36x48,5585,11170
2/19/2022,,,2,Dining 4's,5660,11320
2/19/2022,,,2,Dining 8's,9110,18220
2/19/2022,,,4,Cushion,120,480
2/19/2022,Alson,48785,1,Imelda 4's A,9335,9335
2/21/2022,Alson,48786,2,DD 36x48,5585,11170
2/21/2022,,,3,DD 36x54,5785,17355
2/21/2022,,,3,DD 36x60,6135,18405
2/21/2022,,,2,SB 48x75,3385,6770
2/21/2022,,,2,SB 60x75,3835,7670
2/21/2022,,,1,Bahamas 60,7530,7530
2/21/2022,,,1,Jacob,5440,5440
2/21/2022,,,1,Gideon,7930,7930
2/21/2022,,,1,Jonas,6575,6575
2/21/2022,,,1,Sheena,10550,10550
2/21/2022,,,1,Nicole,10550,10550
2/21/2022,Alson,48787,1,celine,9115,9115
2/21/2022,,,1,Le Bron,13450,13450
2/21/2022,,,1,Bella,8150,8150
2/23/2022,Maya Belardo,48788,1,Imelda 4's A,9335,9335
2/24/2022,Walk In,48789,1,Le Bron,15075,15075
2/27/2022,Alson,48790,2,Dining 6's,7510,15020
2/27/2022,,,2,Dining 4's,5660,11320
03/01/2022,Alson,48791,1,Dining 4's,5660,5660
03/01/2022,Alson,48791,2,SB 36x75,2985,5970
03/01/2022,Alson,48791,1,SB 48x75,3385,3385
03/01/2022,Alson,48791,1,Chelsea,6065,6065
03/01/2022,Alson,48791,1,Liera 60,9180,9180
03/01/2022,Alson,48791,1,Platera 48,6975,6975
03/01/2022,Alson,48792,2,Francia,15450,30900
03/01/2022,Father & Son,48793,1,Dining 6's,7895,7895
03/01/2022,Father & Son,48794,1,Dining 6's,7992.8,7992.8
03/01/2022,Father & Son,48794,1,Jonas 48,6790,6790
03/01/2022,Father & Son,48794,1,Judah 48,6790,6790
03/01/2022,Clarahill,48795,4,La Elegancia,10635,42540
03/01/2022,Clarahill Legazpi,48796,5,Jillienne,7015,35075
03/01/2022,Clarahill Legazpi,48796,4,Chloe,6065,24260
03/01/2022,Clarahill Legazpi,48796,4,Cholo,6065,24260
03/01/2022,Kaneda,48797,1,Dining 4's,6240,6240
03/01/2022,Kaneda,48797,1,Francia,17025,17025
03/01/2022,Kaneda,48798,1,Imelda 4's A,10837.5,10837.5
03/01/2022,Consumer,48799,1,Francia,17025,17025
03/02/2022,Clarahill,48800,1,Lalie,11700,11700
03/02/2022,Clarahill,48800,1,Khim,8850,8850
03/02/2022,Clarahill,48800,1,Nicole,10550,10550
03/02/2022,Alson,48801,1,Sheena,10550,10550
03/02/2022,Alson,48801,1,Chelsea,6065,6065
03/02/2022,Alson,48801,1,Marco,6065,6065
03/02/2022,Alson,48801,1,Chloe,6065,6065
03/02/2022,Alson,48801,1,Chollo,6065,6065
03/02/2022,Alson,48801,5,Dining 6's,7510,37550
03/02/2022,Cancelled,48802,,,0,0
03/02/2022,Clarahill,48803,2,Jillienne,7015,14030
03/02/2022,Clarahill,48803,2,Chollo,6065,12130
03/02/2022,Clarahill,48803,2,Chloe,6065,12130
03/03/2022,Aries,48804,3,Francia,17200,51600
03/03/2022,Aries,48804,1,Bella,9360,9360
03/03/2022,Aries,48804,1,Khim,10000,10000
03/03/2022,Aries,48804,1,Justine,10384,10384
03/03/2022,Aries,48804,2,DD 36x54,6460,12920
03/03/2022,Aries,48804,1,DD 36x60,6740,6740
03/03/2022,Aries,48804,2,SB 48x75,3800,7600
03/03/2022,Alsons,48805,1,Le Bron,13450,13450
03/03/2022,Alsons,48805,1,Francia,15450,15450
03/03/2022,Alsons,48806,1,Lexie,10250,10250
03/03/2022,Alsons,48806,1,Jessa,8215,8215
03/03/2022,Alsons,48806,1,Chelsea,6065,6065
03/03/2022,Alsons,48806,1,Marco,6065,6065
03/03/2022,Alsons,48806,1,Jacob,5440,5440
03/03/2022,Alsons,48806,1,Jonas 48,6575,6575
03/03/2022,Alsons,48807,1,Marco,6065,6065
03/07/2022,Alsons,48808,4,Dining 4's,5660,22640
03/07/2022,Alsons,48808,4,Dining 6's,7510,30040
03/07/2022,Alsons,48808,2,DD 36x36,5435,10870
03/07/2022,Alsons,48808,2,DD 36x48,5585,11170
03/07/2022,Alsons,48808,4,SB 48x75,3385,13540
03/07/2022,Alsons,48808,3,SB 60x75,3835,11505
03/07/2022,Alsons,48809,2,Angeline,9065,18130
03/07/2022,Alsons,48809,1,Celine,9115,9115
03/07/2022,Alsons,48809,2,Hazelle,9015,18030
03/07/2022,Alsons,48809,1,Bella,8150,8150
03/07/2022,Alsons,48809,1,Le Bron,13450,13450
03/07/2022,Alsons,48809,1,Lalie,11700,11700
03/07/2022,Doc Tama,48810,3,Imelda 4's A,10000,30000
03/07/2022,Doc Tama,48810,2,Imelda 4's W,10000,20000
03/08/2022,Father & Son,48811,1,Jonas 48,7000,7000
03/08/2022,Father & Son,48811,1,Ruth,7000,7000
03/08/2022,Father & Son,48811,1,Jethro,8480,8480
03/08/2022,Father & Son,48811,2,Platera 48,15624,31248
03/08/2022,Father & Son,48811,1,Dana,9120,9120
03/08/2022,Father & Son,48811,1,Liera 60,9840,9840
03/08/2022,Father & Son,48811,1,SB 36x75,3440,3440
03/08/2022,Father & Son,48811,1,SB 48x75,3800,3800
03/08/2022,Father & Son,48811,1,SB 54x75,4280,4280
03/08/2022,Father & Son,48811,1,SB 60x75,4600,4600
03/08/2022,Father & Son,48811,1,DD 36x36,5980,5980
03/08/2022,Father & Son,48812,1,DD 36x48,6100,6100
03/08/2022,Father & Son,48812,1,DD 36x54,6460,6460
03/08/2022,Father & Son,48812,1,DD 36x60,6740,6740
03/08/2022,Father & Son,48812,2,Dining 6's,8240,16480
03/08/2022,Father & Son,48812,2,Dining 8's,10292,20584
03/08/2022,Father & Son,48813,1,Jethro,8480,8480
03/08/2022,Father & Son,48813,1,Jonas 48,7000,7000
03/08/2022,Father & Son,48813,1,Platera 48,7812,7812
03/08/2022,Father & Son,48813,1,Danna,9120,9120
03/08/2022,Alson,48814,1,DD 36x60,6135,6135
03/08/2022,Alson,48814,1,DD 36x36,5435,5435
03/08/2022,Alson,48815,1,Francia,15450,15450
03/08/2022,Alson,48816,1,Imelda 4's A,9335,9335
03/08/2022,Alson,48816,1,Imelda 311,9835,9835
03/08/2022,Maya Belardo,48817,1,Imelda 4's W,10221,10221
03/08/2022,Multibrand,48818,1,Madrid,12590,10072
03/08/2022,Multibrand,48818,2,Cattleya DD 36x48,8300,6640
03/08/2022,Multibrand,48818,2,DD 36x54,8750,7000
03/08/2022,Multibrand,48818,2,DD 36x60,9200,7360
03/08/2022,Multibrand,48818,2,SB 36x75,4650,3720
03/08/2022,Multibrand,48818,1,SB 48x75,5200,4160
03/08/2022,Multibrand,48818,1,SB 54x75,5820,4656
03/08/2022,Multibrand,48818,1,SB 60x75,6170,4936
03/08/2022,Multibrand,48818,2,Dining 4's ,8320,6656
03/08/2022,Multibrand,48818,4,Dining 6's,10950,8760
03/09/2022,Clarahill,48819,1,La Elegancia,10635,8508
03/09/2022,Clarahill,48820,3,Jilliene,7015,5612
03/09/2022,Clarahill,48820,3,Cholo,6065,4852
03/09/2022,Clarahill,48820,3,Chloe,6065,4852
03/09/2022,Alson,48821,2,Francia,15450,12360
03/09/2022,Alson,48821,2,Le Bron,13450,10760
03/09/2022,Alson,48821,1,Bella,8150,6520
03/09/2022,Alson,48822,1,Dining 8's,9110,7288
03/09/2022,Alson,48822,1,Danna,8530,6824
03/09/2022,RSB,48823,1,OT 18x36,2685,2148
03/09/2022,RSB,48823,1,OT 20x40,2910,2328
03/09/2022,Thesson,48824,1,Chloe,6525,5220
03/09/2022,Thesson,48824,1,Center w/ 3/8,1890,1512
3/13/2022,Kens,48825,1,Platera 48 Ord.,7586.25,6069
3/13/2022,Kens,48825,1,Jessa,8812.5,7050
3/13/2022,Kens,48825,1,Sheena,11250,9000
3/13/2022,Kingswood,48826,4,Francia,15450,12360
3/13/2022,Kingswood,48826,1,Aleck,11000,8800
3/16/2022,Alson,48827,2,Dining 4's,5660,4528
3/16/2022,Alson,48827,2,Dining 6's,7510,6008
3/16/2022,Alson,48827,2,Dining 8's,9110,7288
3/16/2022,Alson,48827,1,SB 48x75,3385,2708
3/16/2022,Alson,48827,1,Eleazar,5575,4460
3/16/2022,Alson,48827,1,Luxemburg,8680,6944
3/16/2022,Alson,48827,1,Platera 48,6975,5580
3/14/2022,Kaneda,48828,1,Imelda 311,10837.5,8670
3/14/2022,Alsons,48829,3,DD 36x36,5435,4348
3/19/2022,Consumer,48830,1,Khim,9337.5,7470
3/19/2022,Kaneda,48831,2,Imelda 4's W,10537.5,8430
3/18/2022,Kaneda,48832,1,SB 54x75,4365,3492
3/18/2022,Kaneda,48832,1,Sb 60x75,4627.5,3702
3/25/2022,Maya Belardo,48833,4,DD 36x36,5820,4656
3/27/2022,Rovick Jay,48834,2,SB 60x75,49360,39488
3/27/2022,Rovick Jay,48834,3,Foam 60x6x75,3864,3091.2
3/27/2022,Rovick Jay,48834,1,Francia,18160,14528
3/27/2022,Rovick Jay,48834,1,Butler,13200,10560
3/27/2022,Rovick Jay,48834,1,California,16000,12800
3/27/2022,Century Family Mall,48835,24,Dining Chair 102,955.8,764.64
3/27/2022,Century Family Mall,48835,4,DD 36x48,6176.25,4941
3/27/2022,Century Family Mall,48835,2,DD 36x54,6540.75,5232.6
3/27/2022,Century Family Mall,48835,4,Sb 54x75,4333.5,3466.8
3/27/2022,Century Family Mall,48835,6,DD 36x60,6824.25,5459.4
3/27/2022,Century Family Mall,48835,6,SB 60x75,4657.5,3726
3/27/2022,Century Family Mall,48835,4,SB 36x75,3483,2786.4
3/27/2022,Century Family Mall,48835,1,DD 36x36,6054.75,4843.8
3/27/2022,Century Family Mall,48835,1,Hazelle,9679.5,7743.6
3/27/2022,Century Family Mall,48835,2,Angeline,19359,15487.2
3/27/2022,Century Family Mall,48835,1,Wennylen,9679.5,7743.6
3/27/2022,Century Family Mall,48836,1,Michelle,9679.5,7743.6
3/27/2022,Century Family Mall,48836,2,Aleck,24948,19958.4
3/27/2022,Century Family Mall,48836,2,Lalie,13365,10692
3/27/2022,Century Family Mall,48836,4,Francia,17415,13932
3/27/2022,Century Family Mall,48836,1,Khim,10125,8100
3/27/2022,Century Family Mall,48836,1,Bella,9477,7581.6
3/28/2022,Walk In,48837,2,Foam 54x4x75,2681.25,2145
3/28/2022,Thesson,48838,1,Khim,9637.5,7710
3/28/2022,Thesson,48838,1,Center w/ 3/8,1890,1512
3/28/2022,Alson,48839,1,SB 60x75,3835,3068
3/29/2022,RSB,48840,1,OT 20x40,3835,3068
3/29/2022,Nueva Cam Sur,48841,11,Dining 102,1032,825.6
3/29/2022,Nueva Cam Sur,48841,3,SB 54x75,4708,3766.4
3/29/2022,Nueva Cam Sur,48841,3,DD 36x36,6578,5262.4
3/29/2022,Nueva Cam Sur,48841,2,DD 36x48,6710,5368
3/29/2022,Nueva Cam Sur,48841,6,Center w/ 3/8,2006.4,1605.12
3/29/2022,Nueva Cam Sur,48841,2,Dining 8's,11321.2,9056.96
3/29/2022,Nueva Cam Sur,48841,1,Lalie,14520,11616
3/29/2022,Nueva Cam Sur,48841,1,Clarisse,11616,9292.8
3/29/2022,Nueva Cam Sur,48841,2,Michelle,10516,8412.8
3/29/2022,Nueva Cam Sur,48841,1,Chelsea,7172,5737.6
3/29/2022,Nueva Cam Sur,48841,1,Chloe,7172,5737.6
3/29/2022,Nueva Cam Sur,48841,1,Jericho 48,11303.6,9042.88
3/29/2022,Father & Son,48842,3,SB 54x75,4180,3344
3/30/2022,Alson,48843,1,Francia,15450,12360
3/30/2022,Alson,48843,2,Dining 6's,7510,6008
3/30/2022,Alson,48843,2,Dining 8's,9110,7288
3/30/2022,Alson,48843,2,Sb 48x75,3385,2708
3/30/2022,Alson,48843,1,SB 48x75,3385,2708
3/30/2022,Alson,48843,3,SB 36x75,3985,3188
3/30/2022,Alson,48843,3,SB 54x75,3735,2988
3/30/2022,Alson,48843,3,SB 60x75,3835,3068
04/04/2022,Walk In,48844,1,Dining 6's,8217.5,8217.5
04/04/2022,Luz Batac,48845,3,Dining 6's,8212.5,24637.5
04/04/2022,,,1,Dining 4's,6240,6240
04/06/2022,Consumer,48846,1,Justine,10387.5,10387.5
04/06/2022,,,2,SB 54x75,4365,8730
04/06/2022,,,1,Celine,9562.5,9562.5
04/07/2022,Vamacs,48847,1,Jessa,8812.5,8812.5
04/07/2022,,,1,Marco,6525,6525
04/07/2022,,,1,Celine,9562.5,9562.5
04/07/2022,,,1,Hazelle,9562.5,9562.5
04/07/2022,,,1,Dining 4's,6240,6240
04/07/2022,Father & Son,48848,1,Judah,7000,7000
04/07/2022,,,1,Jacob,5760,5760
04/07/2022,,,1,Jethro,8480,8480
04/07/2022,,,1,Liera 48,8280,8280
04/07/2022,,,1,SB 48x75,3800,3800
04/07/2022,Father & Son,48849,1,Imelda 4's A,10556,10556
04/07/2022,Consumer,48850,1,Justine,10387.5,10387.5
04/07/2022,,,3,Center w/ 3/8,1890,5670
04/07/2022,Consumer,49451,1,Imelda 4's W,10537.5,10537.5
04/08/2022,Maya Belardo,49452,1,SB 54x75,4568.7,4568.7
04/12/2022,Consumer,49453,1,Steffany,13593.75,13593.75
04/10/2022,Alson,49454,2,Dining 8's,9110,18220
04/10/2022,,,1,DD 36x36,5436,5436
04/10/2022,,,1,DD 36x48,5585,5585
04/10/2022,,,1,DD 36x54,5785,5785
04/10/2022,,,1,DD 36x60,6135,6135
04/10/2022,,,2,Center w/ 3/8,1445,2890
04/10/2022,,,1,DD 60,6135,6135
04/10/2022,,,1,Dana,8530,8530
04/10/2022,,,2,Francia,15450,30900
4/13/2022,Alson,49455,1,Dining 4's,5660,5660
4/13/2022,,,1,Dining 6's,7510,7510
4/13/2022,,,1,Dining 8's,9110,9110
4/13/2022,,,1,Chloe,6065,6065
4/13/2022,,,2,Francia,15450,30900
4/13/2022,,,1,Bubbles,6065,6065
4/13/2022,Alson,49456,1,Imelda 4's W,8935,8935
4/13/2022,,,1,Imelda 4's A,9335,9335
4/13/2022,Grandura,49457,1,SB 36x75,3300,3300
4/13/2022,Alson,49458,1,Francia,15450,15450
4/13/2022,,,1,Khim,8850,8850
4/13/2022,,,1,Julius,10600,10600
4/13/2022,,,1,Le Bron,13450,13450
4/13/2022,Alson,49459,1,Danna,8530,8530
4/14/2022,Nueva Cam Sur,49460,1,Hazelle,9321,9321
4/14/2022,,,1,Angeline,9321,9321
4/14/2022,,,1,Wennylen,9321,9321
4/14/2022,,,1,Bella,9126,9126
4/14/2022,,,1,Jessa,8580,8580
4/14/2022,,,1,Chelsea,6357,6357
4/14/2022,,,1,Chloe,6357,6357
4/14/2022,,,1,Montreal 84,10764,10764
4/14/2022,,,1,Bahamas 60,7917,7917
4/14/2022,,,1,Paul 60,9555,9555
4/14/2022,,,1,Jericho 48,10058.1,10058.1
4/14/2022,Nueva Cam Sur,49461,4,Center w/ 3/8,1778.4,7113.6
4/14/2022,,,3,Dining 6's,8034,24102
4/14/2022,,,1,Dining 6's,8034,8034
4/14/2022,,,3,Dining 4's,6185.4,18556.2
4/14/2022,,,1,Dining 4's,6185.4,6185.4
4/14/2022,,,2,SB 36x75,3354,6708
4/14/2022,,,2,SB 48x75,3705,7410
4/14/2022,,,1,DD 36x48,5947.5,5947.5
4/14/2022,,,1,DD 36x54,6298.5,6298.5
4/16/2022,Century Family Mall,49462,1,Ayesha,17172,17172
4/16/2022,,,4,California,17415,69660
4/16/2022,,,2,lalie,13365,26730
4/16/2022,,,1,Avor,14256,14256
4/16/2022,,,1,Bella,9477,9477
4/16/2022,,,1,Aleck,12474,12474
4/16/2022,,,1,Angeline,9679.5,9679.5
4/16/2022,,,1,Wennylen,9679.5,9679.5
4/16/2022,,,2,Chloe,6601.5,13203
4/16/2022,Century Family Mall,49463,2,Chollo,6601.5,13203
4/16/2022,,,2,Marco,6601.5,13203
4/16/2022,,,2,Sophia,7618.05,15236.1
4/16/2022,,,5,Dining 6's,8343,41715
4/16/2022,,,7,Dining 6's,8343,58401
4/16/2022,,,12,Side w/ 3/8,1530.9,18370.8
4/16/2022,,,6,SB 48x75,3847.5,23085
4/16/2022,,,6,DD 36x48,6176.25,37057.5
4/16/2022,,,6,DD 36x54,6540.75,39244.5
4/16/2022,Century Family Mall,49464,1,Esmeralda 4's,14825,14825
4/19/2022,Kingswood,49465,2,Jella,10350,20700
4/19/2022,,,2,Brewster,10550,21100
4/19/2022,,,2,Adams,11000,22000
4/19/2022,,,2,Shiela,10400,20800
4/19/2022,,,1,Michelle,9115,9115
4/19/2022,,,1,Angeline,9065,9065
4/19/2022,,,1,Celine,9115,9115
4/19/2022,,,2,Bella,8150,16300
4/19/2022,,,2,Avor,12650,25300
4/19/2022,,,1,Celine,9115,9115
4/19/2022,Alson,49466,1,DD 36x48,5585,5585
4/19/2022,Consumer,49467,1,Lalie,13200,13200
4/20/2022,Consumer,49468,1,Mikas,8445,8445
4/20/2022,,,1,Jethro,8445,8445
4/20/2022,,,1,Judah,7012.5,7012.5
4/20/2022,,,2,Jericho 60,9978.75,19957.5
4/20/2022,,,1,Celine,9562.5,9562.5
4/20/2022,,,2,Michelle,9562.5,19125
4/20/2022,,,1,California,15000,15000
4/20/2022,,,1,Sheena,11250,11250
4/20/2022,,,3,DD 36x48,6412.5,19237.5
4/20/2022,,,2,DD 36x54,6562.5,13125
4/20/2022,Consumer,49469,1,Jacob,5812.5,5812.5
4/20/2022,,,1,Danna,9097.5,9097.5
4/20/2022,,,1,Paul 60,9772.5,9772.5
4/20/2022,,,1,Jericho 60,11505,11505
4/20/2022,,,1,Platera 36,6078.75,6078.75
4/20/2022,,,1,SB 36x75,3487.5,3487.5
4/20/2022,,,1,SB 60x75,4627.5,4627.5
4/20/2022,,,1,DD 36x48,6412.5,6412.5
4/20/2022,Consumer,49470,1,Imelda 4's A,10837.5,10837.5
4/20/2022,Consumer,49471,10,Center w/ 3/8,1890,18900
4/20/2022,Bodega,49472,2,Dining 4's,12480,24960
4/21/2022,Nueva Cam Sur,49473,1,Francia,18920,18920
4/21/2022,,,3,DD 36x36,6578,19734
4/21/2022,,,2,Sb 54x75,4708,9416
4/21/2022,,,2,SB 60x75,5060,10120
4/21/2022,,,1,Cincinnati,10692,10692
4/21/2022,,,1,Portugal,8285.2,8285.2
4/21/2022,,,1,Judah,7700,7700
4/21/2022,,,1,Jonas ,7700,7700
4/21/2022,Consumer,49474,1,Imelda 311,11062.5,11062.5
4/21/2022,Consumer,49475,1,Aleck ,11962.5,11962.5
4/22/2022,nueva Cam Sur,49476,2,Francia,18920,37840
4/22/2022,,,1,Sydney,18920,18920
4/22/2022,,,1,Lalie,17996,17996
4/22/2022,,,1,Shiela,14520,14520
4/22/2022,,,1,Sheena,12012,12012
4/22/2022,,,1,Justine,12364,12364
4/22/2022,,,1,Steffany,15400,15400
4/22/2022,,,1,Jessa,9680,9680
4/22/2022,,,1,Montreal 60,8932,8932
4/22/2022,,,1,Bahamas 60,8932,8932
4/22/2022,,,1,Portugal,8285.2,8285.2
4/22/2022,,,1,Madrid,10692,10692
4/22/2022,Alsons,49177,1,Bar Counter 60,10745,10745
4/26/2022,Kaneda,49178,1,Imelda 311,11062.5,11062.5
4/26/2022,,,2,Imelda 311 W,11062.5,22125
4/26/2022,,,2,Imelda 4's W,10537.5,21075
4/26/2022,Kaneda,49179,1,Bella,8962.5,8962.5
4/26/2022,Consumer,49180,1,Sb 60x75,4627.5,4627.5
4/26/2022,,,2,Center w/ 3/8,1890,3780
4/26/2022,,,1,Danna,9097.5,9097.5
4/26/2022,,,1,Jethro,8445,8445
4/26/2022,,,1,Jericho ,11505,11505
4/26/2022,Consumer,49481,1,Imelda 4's W,10537.5,10537.5
4/26/2022,Kingswood,49482,3,SB 60x75,3835,11505
4/26/2022,,,3,SB 48x75,3385,10155
4/26/2022,,,4,DD 36x36,5436,21744
4/26/2022,,,2,Ayen,9065,18130
4/26/2022,,,1,Celine,9115,9115
4/26/2022,,,1,Wennylen,9115,9115
4/26/2022,,,1,Sydney,14700,14700
4/27/2022,Father & Son,49483,2,SB 36x75,3440,6880
4/27/2022,,,2,SB 48x75,3800,7600
4/27/2022,,,2,SB 54x75,4280,8560
4/27/2022,,,7,SB 60x75,4600,32200
4/27/2022,,,2,DD 36x36,59800,119600
4/27/2022,,,2,DD 36x54,6460,12920
4/27/2022,,,2,DD 36x60,6740,13480
4/27/2022,,,1,Ericka,5280,5280
4/27/2022,,,1,Platera 36,6260,6260
4/27/2022,,,1,Eleazar,6080,6080
4/27/2022,,,1,Jonas,7000,7000
4/27/2022,,,1,Mikas ,8480,8480
4/27/2022,Alson,49484,1,Francia,15450,15450
4/27/2022,,,1,Wennylen,9115,9115
4/27/2022,,,1,Stefanny,12500,12500
4/27/2022,,,1,lalie,11700,11700
4/27/2022,,,1,DD 36x48,5585,5585
4/27/2022,,,1,DD 36x54,5785,5785
4/27/2022,,,1,DD 36x60,6135,6135
4/27/2022,,,1,SB 48x75 FC,3385,3385
4/27/2022,,,1,SB 54x75 FC,3785,3785
4/27/2022,,,1,Paul 60,9080,9080
4/28/2022,Clarahill ,49485,4,Chloe,6065,24260
4/28/2022,,,4,Marco,6065,24260
4/28/2022,,,2,Chollo,6065,12130
4/28/2022,,,1,Francia,15450,15450
4/28/2022,,,1,DD 36x36,5435,5435
4/28/2022,,,3,SB 36x75,2985,8955
4/28/2022,,,3,SB 48x75,3385,10155
4/28/2022,,,3,SB 54x75,3735,11205
4/28/2022,,,1,SB 60x75,3835,3835
4/28/2022,Clarahill ,49486,1,DD 36x36,5435,5435
4/28/2022,,,1,SB 36x75,2985,2985
4/28/2022,,,1,SB 60x75,3835,3835
4/28/2022,,,1,Chollo,6065,6065
4/28/2022,,,1,Marco,6065,6065
4/29/2022,Walk IN,49487,1,SB 48x75,3385,3385
4/29/2022,Bemkar,49488,1,Esmeralda 4's,10335,10335
4/29/2022,,,1,La Elegancia,10635,10635
4/29/2022,Bemkar,49489,4,DD 36x36,5435,21740
4/29/2022,,,1,DD 36x36 Cattleya ,5535,5535
4/29/2022,,,2,SB 48x75,3385,6770
05/02/2022,Consumer,49493,1,Brewster,11250,11250
05/02/2022,,,1,Michelle,9562.5,9562.5
05/02/2022,Century,49490,2,Ayesha,17687.16,35374.32
05/02/2022,,,1,Aleck,12846.6,12846.6
05/02/2022,,,3,Lalie,13770,41310
05/02/2022,,,2,Bella,9760.5,19521
05/02/2022,,,2,Sydney,17062.65,34125.3
05/02/2022,,,1,Clarisse,11016,11016
05/02/2022,,,2,Chelsea,6804,13608
05/02/2022,,,2,Chloe,6804,13608
05/02/2022,Century,49491,1,Chollo,6804,6804
05/02/2022,,,3,Angeline,9971.1,29913.3
05/02/2022,,,4,Michelle,9971.1,39884.4
05/02/2022,,,2,Celine,9971.1,19942.2
05/02/2022,,,1,Ayen,9971.1,9971.1
05/02/2022,,,2,Wennylen,9971.1,19942.2
05/02/2022,,,2,Jessa,9177.3,18354.6
05/02/2022,Rea Tornalie,49492,1,Foam 60x4 ,2667.5,2667.5
05/02/2022,Consumer ,49493,1,Brewster,11250,11250
05/02/2022,,,1,Michelle,9562.5,9562.5
05/03/2022,Alson,49494,3,Francia,15450,46350
05/03/2022,,,1,Chelsea,6065,6065
05/03/2022,,,1,Judah,6575,6575
05/05/2022,Nueva Cam sur,49495,1,Clarisse,10300,10300
05/10/2022,Consumer,49496,1,California,15000,15000
05/11/2022,Alson,49497,1,Ayesha,15000,15000
05/11/2022,,,2,Aleck,11000,22000
05/11/2022,,,1,Butler,11600,11600
05/11/2022,,,1,Lalie,11700,11700
05/11/2022,,,1,Hazelle,9015,9015
05/11/2022,,,1,Nicole,10550,10550
05/11/2022,,,1,shilea,10400,10400
05/11/2022,,,1,Jella Special,10400,10400
05/11/2022,,,1,Wennylen,9115,9115
05/11/2022,,,1,Bea,13450,13450
05/11/2022,,,1,Justine,9400,9400
05/11/2022,Alson,49498,1,Sheena,10550,10550
05/11/2022,,,1,Ayen,9065,9065
05/11/2022,,,1,Danna,8530,8530
05/11/2022,,,1,Paul 48,7725,7725
05/11/2022,,,1,Ruth,6575,6575
05/11/2022,,,1,Jethro 60,7930,7930
05/11/2022,,,1,Mikas,7930,7930
05/11/2022,,,1,Liera 48,7725,7725
05/11/2022,,,1,Eleazar,5575,5575
05/11/2022,,,1,Jonas,6575,6575
05/11/2022,Alson,49499,1,DD 36x54,5785,5785
05/11/2022,,,2,DD 36x60,6135,12270
05/11/2022,,,2,SB 48x75,3385,6770
05/11/2022,,,2,SB 54x75,3735,7470
05/11/2022,Rovick Jay,49500,4,Side Table w/ 3/8,1760,7040
05/11/2022,,,3,SB 36x75,3720,11160
05/11/2022,,,1,SB 36x75 FC,4520,4520
05/11/2022,,,2,Michelle,10200,20400
05/11/2022,,,1,WEnnylen,10200,10200
05/11/2022,,,2,Foam 48x4,2396,4792
05/11/2022,,,3,Foam 54x6,3404,10212
05/11/2022,,,1,Foam 48x6,3276,3276
05/11/2022,,,1,Foam 36x6,2648,2648
05/11/2022,,,1,Chair Imelda A,2368,2368
05/11/2022,Consumer,49501,1,Justine,10387.5,10387.5
05/11/2022,,,1,Celine,9562.5,9562.5
05/11/2022,,,1,DD 36x60,6900,6900
05/11/2022,,,1,SB 48x75,3915,3915
05/12/2022,Clarahill,49502,2,SB 36x75,2985,5970
05/12/2022,,,1,Sb 48x75,3385,3385
05/12/2022,,,1,Sb 54x75,3735,3735
05/12/2022,,,1,Chloe,6065,6065
05/12/2022,,,1,Chelsea,6065,6065
05/12/2022,,,2,Marco,6065,12130
05/12/2022,Father & Son,49503,1,Jericho,11852,11852
05/12/2022,,,1,Jethro 60,8480,8480
05/12/2022,,,1,Mikas,8480,8480
05/12/2022,,,2,Ruth,7000,14000
5/14/2022,Alson,49504,1,Ayesha,15000,15000
5/14/2022,,,1,Celine,9115,9115
5/14/2022,,,1,Chelsea,6065,6065
5/14/2022,,,1,Chloe,6065,6065
5/14/2022,,,1,Francia,15450,15450
5/14/2022,,,1,Lalie,11700,11700
5/14/2022,,,1,SB 54x75,3735,3735
5/14/2022,,,1,SB 48x75,3385,3385
5/14/2022,,,1,Dana,8530,8530
5/14/2022,Consumer,49505,1,Sheena,11250,11250
5/14/2022,,,1,Ruth,7012.5,7012.5
5/14/2022,Alson,49506,1,Top Glass 6's,1975,1975
5/14/2022,,,2,Francia,15450,30900
5/14/2022,,,1,Le Bron,13450,13450
5/14/2022,,,1,Hazelle,9015,9015
5/14/2022,,,1,Jericho,10580,10580
5/16/2022,Consumer,49507,1,Justine,10387,10387
5/20/2022,Kingswood,49508,2,Avor,12650,25300
5/20/2022,,,2,Aleck,11000,22000
5/20/2022,,,2,Ayen,9065,18130
5/20/2022,,,2,Hazelle,9015,18030
5/20/2022,,,3,Dining 6's,7510,22530
5/20/2022,,,2,Celine,9115,18230
5/20/2022,Father & Son,49509,1,Jethro,8480,8480
5/20/2022,,,1,Mikas,8480,8480
5/20/2022,,,1,Ruth,7000,7000
5/20/2022,,,1,Jonas,7000,7000
5/20/2022,,,1,Paul 48,8280,8280
5/20/2022,,,1,SB 48x75,3800,3800
5/20/2022,,,1,Ayen,9560,9560
5/20/2022,,,1,Celine,9560,9560
5/20/2022,,,1,Wennylen,9560,9560
5/21/2022,Alson,49510,1,Adams,11000,11000
5/21/2022,,,1,Nicole,10550,10550
5/21/2022,,,1,Shiela,10400,10400
5/21/2022,,,1,Justine,9400,9400
5/21/2022,,,1,Bubbles,6065,6065
5/21/2022,,,1,Chelsea,6065,6065
5/21/2022,,,1,Chloe,6065,6065
5/21/2022,,,1,Royce,6065,6065
5/21/2022,,,1,Marco,6065,6065
5/21/2022,Consumer,49511,1,Jonas,7012.5,7012.5
5/21/2022,,,1,Ruth,7012.5,7012.5
5/21/2022,,,1,Eleazar,6063.75,6063.75
5/21/2022,,,1,Bubbles,6525,6525
5/21/2022,,,1,Chelsea,6525,6525
5/21/2022,,,1,Marco,6525,6525
5/22/2022,Consumer,49512,2,DD 36x60,13805,27610
5/22/2022,Nueva Cam Sur,49513,1,Michelle,9321,9321
5/22/2022,,,1,Clarise,9516,9516
5/22/2022,,,1,Royce,6357,6357
5/22/2022,,,1,Ruth,6825,6825
5/22/2022,,,1,Jonas,6825,6825
5/22/2022,,,1,Danna,8938.8,8938.8
5/22/2022,,,1,Liera 48,8073,8073
5/23/2022,Nueva Cam Sur,49514,1,Jessa,9680,9680
5/23/2022,,,1,Michelle,10516,10516
5/23/2022,,,1,Bella,10296,10296
5/23/2022,,,1,Ayesha,23056,23056
5/23/2022,,,1,Lalie,14520,14520
5/23/2022,,,2,Royce,7172,14344
5/23/2022,Vamacs,49515,1,Khim,9637.5,9637.5
5/23/2022,,,1,Chloe,6525,6525
5/23/2022,,,1,Jessa,8812.5,8812.5
5/23/2022,,,1,Ayen,9562.5,9562.5
5/23/2022,Consumer,49516,1,Francia,17025,17025
5/24/2022,Alson,49517,1,Clarise,10050,10050
5/24/2022,,,1,Julius,10600,10600
5/24/2022,,,1,Celine,9115,9115
5/24/2022,,,1,Shiela,10400,10400
5/24/2022,,,1,Justine,9400,9400
5/24/2022,,,1,Ayen,9065,9065
5/24/2022,,,1,Avor,12650,12650
5/24/2022,,,1,Dana,8530,8530
5/24/2022,Alson,49518,1,Lexie,10250,10250
5/24/2022,WBE,49519,1,Clarisse,10350,10350
5/24/2022,,,1,Center ,1012.5,1012.5
5/25/2022,Thesson,49520,1,Ayen,9562.5,9562.5
5/30/2022,Century Family Mall,49521,6,DD 36x60,7030.8,42184.8
5/30/2022,,,2,Ayen,9971.1,19942.2
5/30/2022,,,2,Michelle,9971.1,19942.2
5/30/2022,,,2,Celine,9971.1,19942.2
5/30/2022,,,1,Jessa,9177.3,9177.3
5/30/2022,,,1,Marco,6804,6804
5/30/2022,,,1,Royce,6804,6804
5/30/2022,,,6,Francia,17937.45,107624.7
5/30/2022,,,2,Clarisse,11016,22032
5/30/2022,Century Family Mall,49522,2,Avor,14685.3,29370.6
5/30/2022,,,1,Sydney,17062.65,17062.65
5/30/2022,,,1,Khim,10428.75,10428.75
5/30/2022,,,1,Lalie,13770,13770
5/30/2022,,,1,Bella,9760.5,9760.5
5/30/2022,,,3,Ayesha,53061.48,159184.44
06/01/2022,Alson,49523,1,Francia,15450,15450
06/01/2022,Consumer,49524,1,Jonas ,7012.5,7012.5
06/02/2022,Consumer,49525,1,Francia,17025,17025
06/04/2022,Alsons,49526,1,DD 36x48,5585,5585
06/04/2022,,,1,Bubbles,6065,6065
06/04/2022,,,1,Chelsea,6065,6065
06/04/2022,,,1,Moana,6065,6065
06/04/2022,,,1,Royce,6065,6065
06/04/2022,,,1,Khim,8850,8850
06/04/2022,,,1,Le Bron,13450,13450
06/04/2022,,,1,Francia,15450,15450
06/04/2022,Alson,49527,1,Francia,15450,15450
06/04/2022,,,1,Marco,6065,6065
06/04/2022,,,1,Chelsea,6065,6065
06/04/2022,,,1,Le Bron,13450,13450
06/04/2022,,,1,Jessa,8215,8215
06/04/2022,Alson,49528,1,Imelda 4's W,8935,8935
06/06/2022,Consumer,49529,1,Francia,17025,17025
06/06/2022,Consumer,49530,1,Imelda 4's W,10537.5,10537.5
06/07/2022,Father & Son,49531,1,Platera 48 Spcl,7980,7980
06/07/2022,,,1,Ruth,7000,7000
06/07/2022,,,1,Jonas,7000,7000
06/07/2022,,,1,Liera 48,8280,8280
06/07/2022,,,1,Paul 48,8280,8280
06/07/2022,,,1,Danna,9120,9120
06/07/2022,,,1,Red,7360,7360
06/07/2022,,,2,SB 48x75,3800,7600
06/07/2022,,,1,SB 54x75,4280,4280
06/07/2022,,,1,SB 60x75,4600,4600
06/07/2022,,,2,DD 36x36,5980,11960
06/07/2022,Father & Son,49532,1,DD 36x48,6140,6140
06/07/2022,,,1,DD 36x54,6460,6460
06/07/2022,,,1,DD 36x60,6740,6740
06/07/2022,,,10,Side Table w/ 3/8,1512,15120
06/07/2022,Father & Son,49533,1,Imelda 4's W,10284,10284
06/07/2022,Consumer,49534,2,SB 36x75,3487.5,6975
06/07/2022,,,2,SB 48x75,3915,7830
06/07/2022,,,3,SB 54x75,4365,13095
06/07/2022,,,2,SB 60x75,4627.5,9255
6/14/2022,Vamacs,49535,1,Moana,6525,6525
6/14/2022,,,2,Celine,9562.5,19125
6/14/2022,,,1,Bubbles,6525,6525
6/14/2022,,,1,Bella,8962.5,8962.5
6/14/2022,Alson,49536,1,Francia,15450,15450
6/14/2022,,,1,Le Bron,13450,13450
6/14/2022,,,1,Ayesha,15560,15560
6/14/2022,,,1,Mikas,7930,7930
6/15/2022,Nueva Cam Sur,49537,2,Shiela,10647,21294
6/15/2022,,,1,Justine,10062,10062
6/15/2022,,,2,Nicole,10959,21918
6/15/2022,,,2,Celine,9321,18642
6/15/2022,,,2,Angeline,9321,18642
6/15/2022,,,2,Ayesha,9321,18642
6/15/2022,,,1,Hazelle,9321,9321
6/15/2022,,,1,Chelsea,6357,6357
6/15/2022,,,2,Chloe,6357,12714
6/15/2022,,,1,Chollo,6357,6357
6/15/2022,,,1,Bubbles,6357,6357
6/17/2022,Lopez Mktg.,49538,1,Jonas,6575,6575
6/17/2022,,,1,Ruth,6575,6575
6/17/2022,,,2,Jethro ,7930,15860
6/17/2022,,,1,Paul 48,7725,7725
6/17/2022,,,1,Liera 48,7725,7725
6/17/2022,,,7,Side Table w/ 3/8,1145,8015
6/17/2022,,,3,DD 36x60,6135,18405
6/17/2022,,,1,Cattleya 36x60,6135,6135
6/17/2022,,,1,SB 48x75,3385,3385
6/17/2022,,,2,Cattleya SB 48x75,3385,6770
6/17/2022,Kaneda,49539,1,Cattleya SB 48x75,3727.5,3727.5
6/17/2022,,,1,SB 54x75,4365,4365
6/22/2022,Alson,49540,1,Ayesha,15500,15500
6/22/2022,,,1,Avor,12650,12650
6/22/2022,,,2,Francia,15450,30900
6/22/2022,,,1,Hazelle,9015,9015
6/22/2022,,,1,Le Bron,13450,13450
6/22/2022,,,1,Wennylen,9115,9115
6/22/2022,,,1,Liera 48,7725,7725
6/22/2022,,,1,Paul 48,7725,7725
6/22/2022,Nueva Cam Sur,49541,3,Dining 6's,7510,22530
6/22/2022,,,3,Dining 8's,9110,27330
6/22/2022,,,1,Noah 60,10580,10580
6/22/2022,,,1,Madrid,8580,8580
6/22/2022,,,1,Red,6930,6930
6/23/2022,Alson,49542,1,Francia,15450,15450
6/23/2022,,,1,Khim,8850,8850
6/23/2022,,,1,Le Bron,13450,13450
6/23/2022,Alson,49543,1,Imelda 4's W,8935,8935
6/23/2022,Kingswood,49544,2,Dining 6's,7510,15020
6/23/2022,,,1,Ayen,9065,9065
6/23/2022,Kingswood,49545,1,Wennylen,9115,9115
6/23/2022,,,2,Celine,9115,18230
6/23/2022,,,1,Hazelle,9115,9115
6/23/2022,,,1,Sydney,14700,14700
6/24/2022,Alson,49546,3,Dining 6's,7510,22530
6/24/2022,,,4,DD 36x36,5435,21740
6/24/2022,,,3,DD 36x48,5585,16755
6/24/2022,,,2,DD 36x54,5785,11570
6/24/2022,,,1,SB 48x75,3385,3385
6/24/2022,,,3,SB 54x75,3735,11205
6/24/2022,,,3,SB 60x75,3835,11505
6/24/2022,,,1,Ayesha,15500,15500
6/24/2022,,,2,Francia,15450,30900
6/24/2022,,,1,Clarisse,10050,10050
6/24/2022,,,1,Butler,11600,11600
6/24/2022,Alson,49547,1,Adams,11000,11000
6/24/2022,,,1,Michelle,9115,9115
6/24/2022,,,1,Brewster,10550,10550
6/24/2022,,,1,Celine,9115,9115
6/24/2022,,,1,Ayen,9065,9065
6/24/2022,,,1,Paul 48,7725,7725
6/24/2022,,,1,Danna,8530,8530
6/24/2022,,,1,Jonas,6575,6575
6/24/2022,,,1,Jethro ,7930,7930
6/24/2022,Rovick Jay,49548,3,Michelle,10200,30600
6/24/2022,,,1,Marco,6960,6960
6/24/2022,,,1,Chollo,6960,6960
6/24/2022,,,1,Chelsea,6960,6960
6/24/2022,,,1,Chloe,6960,6960
6/24/2022,,,1,Francia,18160,18160
6/24/2022,,,2,DD 36x48,6840,13680
6/24/2022,,,1,DD 36x54,7000,7000
6/24/2022,,,1,Foam 60x6,3864,3864
6/24/2022,,,2,60x4,2856,5712
6/24/2022,,,1,48x4,2396,2396
6/24/2022,,,2,54x4,2648,5296
6/24/2022,,,2,36x4,2060,4120
6/26/2022,Alson,49549,1,Paul 48,7725,7725
6/26/2022,,,1,Liera 48,7725,7725
6/26/2022,,,1,Luxemburge,8680,8680
6/26/2022,,,1,Noah 60,10580,10580
6/26/2022,,,1,Lalie,11700,11700
6/26/2022,,,1,Clarisse,10050,10050
6/26/2022,,,1,Chelsea,6065,6065
07/01/2022,Consumer ,49550,1,Chelsea,6525,6525
07/04/2022,Doc Tama,50051,7,Imelda 4's W,10330,72310
07/04/2022,Alson,50052,4,DD 36x36,5665,22660
07/04/2022,,,4,Sb 36x75,3165,12660
07/04/2022,,,4,SB 60x75,4065,16260
07/04/2022,,,2,Celine,9305,18610
07/04/2022,,,1,Michelle,9305,9305
07/04/2022,,,2,Wennylen,9305,18610
07/04/2022,,,1,Brewster,10800,10800
07/04/2022,Consumer,50053,1,Celine,9562.5,9562.5
07/04/2022,,,1,Wennylen,9562.5,9562.5
07/04/2022,,,1,Michelle,9562.5,9562.5
07/04/2022,,,1,Jethro,9000,9000
07/04/2022,,,1,Liera 48,8257.5,8257.5
07/04/2022,,,1,Paul 48,8257.5,8257.5
07/04/2022,,,1,Denisse,9802.5,9802.5
07/05/2022,Century ,50054,3,Francia,17937.45,53812.35
07/05/2022,,,2,Sydney,17062.65,34125.3
07/05/2022,,,3,Aleck,12846.6,38539.8
07/05/2022,,,1,Hazelle,9971.1,9971.1
07/05/2022,,,2,DD 36x36,6237,12474
07/05/2022,,,2,SB 60x75,4799.25,9598.5
07/05/2022,,,4,SB 54x75,4463.1,17852.4
07/05/2022,,,2,SB 48x75,3964.95,7929.9
07/05/2022,,,1,DD 36x48,6358.5,6358.5
07/05/2022,,,1,Sophia,7848.9,7848.9
07/05/2022,,,2,Chloe,1360.8,2721.6
07/07/2022,Walk In,50055,1,Michelle,9562.5,9562.5
07/12/2022,Father & Son,50056,3,Dining 6's,8726.4,26179.2
07/12/2022,,,3,Dining 8's,10578.4,31735.2
07/12/2022,,,2,Paul 48,9800,19600
07/12/2022,,,2,Liera 48,8280,16560
07/12/2022,,,2,Platera 60,9612,19224
07/12/2022,,,2,Jonas ,7000,14000
07/12/2022,,,2,Eleazar,6080,12160
07/12/2022,,,2,DD 36x54,6746.4,13492.8
07/12/2022,,,1,SB 60x75,4836,4836
7/13/2022,Jayson,50057,1,DD 36x48,5765,5765
7/13/2022,,,2,DD 36x54,6065,12130
7/13/2022,,,1,SB 36x75,3165,3165
7/13/2022,,,1,SB 60x75,4065,4065
7/13/2022,,,3,Center w/ 3/8,1710,5130
7/13/2022,,,3,Dining 6's,8050,24150
7/13/2022,,,2,Dining 8's,9750,19500
7/13/2022,,,1,Celine,5755,5755
7/13/2022,,,1,Francia,15885,15885
7/13/2022,,,1,Le Bron,13885,13885
7/13/2022,Kaneda,50058,1,Imelda 311,11175,11175
7/14/2022,Luz,50059,3,Dining 6's,8050,24150
7/14/2022,,,1,Dining 4's,6050,6050
7/14/2022,Bodega,50060,300,Dining Chair 102,815,244500
7/14/2022,Consumer,50061,2,SB 36x75,3675,7350
7/14/2022,,,2,SB 54x75,4102.5,8205
7/14/2022,,,2,SB 60x75,4865.25,9730.5
7/14/2022,,,2,DD 36x60,7188,14376
7/14/2022,,,1,Dining 4's,6577.5,6577.5
7/14/2022,,,2,Dining 6's,8700,17400
7/14/2022,,,2,Dining 8's,10964.25,21928.5
7/14/2022,,,1,Sophia,7511.25,7511.25
7/14/2022,,,1,Wennylen,9300,9300
7/14/2022,,,1,Ayen,10050,10050
7/14/2022,,,1,Michelle,10050,10050
7/14/2022,Consumer,50062,1,Jonas ,7012.5,7012.5
7/14/2022,,,1,Jethro,8445,8445
7/14/2022,,,1,Noah 60,11505,11505
7/14/2022,Consumer,50063,2,Angeline,10050,20100
7/14/2022,,,1,Michelle,10050,10050
7/14/2022,,,1,Hazelle,10050,10050
7/14/2022,,,10,Center w/ 3/8,2175,21750
7/14/2022,,,3,Dining 4's,6577.5,19732.5
7/14/2022,,,3,Dining 6's,8700,26100
7/14/2022,,,2,Dining 8's,10964.25,21928.5
7/14/2022,,,4,Sb 48x75,4102.5,16410
7/14/2022,,,4,SB 54x75,4552.5,18210
7/14/2022,,,1,DD 36x48,6650.25,6650.25
7/14/2022,,,2,DD 36x60,7188,14376
7/14/2022,,,1,DD 36x54,6850.5,6850.5
7/14/2022,,,2,Jonas 48,7575,15150
7/16/2022,Alson,50064,1,Marco,5755,5755
7/16/2022,,,1,Chelsea,5755,5755
7/16/2022,,,1,Francia,15885,15885
7/16/2022,,,2,Dining 8's,9750,19500
7/16/2022,,,1,Noah 60,12840,12840
7/16/2022,Clarahill,50065,2,Chloe,5755,11510
7/16/2022,,,1,Marco,5755,5755
7/16/2022,,,1,Chollo,5755,5755
7/21/2022,Nueva Cam Sur,50066,10,Dining 8's,10313.94,103139.4
7/21/2022,,,11,Dining 6's,8508.24,93590.64
7/21/2022,,,10,Center w/ 3/8,2056.86,20568.6
7/21/2022,,,5,Side w/ 3/8,1655.16,8275.8
7/21/2022,Clarahill,50067,1,Chollo,5755,5755
7/21/2022,,,1,Chloe,5755,5755
7/21/2022,Alson ,50068,2,Dining 4's,6050,12100
7/21/2022,,,2,Dining 6's,8050,16100
7/21/2022,,,1,Dining 8's,9750,9750
7/21/2022,,,1,Platera 48,7980,7980
7/21/2022,,,1,Platera 60,9840,9840
7/21/2022,Consumer,50069,1,Dining 8's,10964.25,10964.25
7/21/2022,,,1,Dining 6's,8700,8700
7/21/2022,,,1,Dining 4's,6577.5,6577.5
7/22/2022,Consumer,50070,5,Center w/ 3/8,2175,10875
7/22/2022,,,2,Dining 4's,6577.5,13155
7/22/2022,,,2,Dining 8's,10964.25,21928.5
7/22/2022,,,2,SB 54x75,4552.5,9105
7/22/2022,,,1,Shiela,11625,11625
7/22/2022,,,1,Brewster,11737.5,11737.5
7/22/2022,,,1,Marco,6525,6525
7/22/2022,Consumer,50071,1,Dining 4's,6577.5,6577.5
7/22/2022,,,1,Dining 8's,10964.25,10964.25
7/22/2022,,,2,SB 54x75,4552.5,9105
7/22/2022,,,1,DD 36x60,7188,7188
7/22/2022,,,5,Center w/ 3/8,2175,10875
7/22/2022,,,1,Jonas,7575,7575
7/22/2022,,,1,Platera 36,6600,6600
7/22/2022,Consumer,50072,2,Imelda 4's W,10875,21750
7/22/2022,Kingswood,50073,2,Dining 8's,9750,19500
7/22/2022,,,2,Dining 6's,8050,16100
7/22/2022,,,1,Angeline,9255,9255
7/22/2022,,,2,Ayen,9255,18510
7/22/2022,,,2,Michelle,9305,18610
7/22/2022,,,1,Wennylen,9305,9305
7/23/2022,Alson,50074,1,Francia,15885,15885
7/23/2022,,,1,Le Bron,13885,13885
7/23/2022,,,1,Clarisse,10105,10105
7/23/2022,,,1,Avor,13085,13085
7/23/2022,,,1,Ayesha,15500,15500
7/23/2022,,,1,Sydney,15135,15135
7/23/2022,,,1,Missy,18135,18135
7/23/2022,,,5,Center w/ 3/8,1710,8550
7/26/2022,Walk In,50075,1,Reuph Sofa,4000,4000
7/26/2022,Wal IN,50076,4,Re Uph,250,1000
7/28/2022,Thesson,50077,2,Sb 36x75,3675,7350
7/30/2022,Alson,50078,2,DD 36x36,5665,11330
7/30/2022,,,1,SB 54x75,3915,3915
7/30/2022,,,1,Angeline,9255,9255
7/30/2022,,,1,Michelle,9305,9305
7/30/2022,,,1,Clarisse,10105,10105
7/30/2022,,,1,Francia,15885,15885
7/30/2022,,,1,Noah 60,12840,12840
7/30/2022,,,1,Platera 48,7980,7980
7/30/2022,Father & Son,50079,2,SB 48x75,3986.4,7972.8
7/30/2022,,,3,SB 54x75,4460,13380
7/30/2022,,,2,SB 60x75,4836,9672
7/30/2022,,,5,Side w/ 3/8,1697.6,8488
7/30/2022,,,1,Jonas,7560,7560
7/30/2022,,,1,Judah,7560,7560
7/30/2022,,,1,Noah 60,11600,11600
7/30/2022,,,1,Platera 48,8000,8000
7/30/2022,,,1,Platera 36,6560,6560
7/30/2022,Father & Son,50080,1,Imelda 4's W,10724,10724
7/31/2022,Aries,50081,2,Chloe,6520,13040
7/31/2022,,,2,Marco,6520,13040
7/31/2022,,,2,Chelsea,6520,13040
7/31/2022,,,1,Adams,12320,12320
7/31/2022,,,1,Ayen,10040,10040
7/31/2022,,,1,Hazelle,10040,10040
7/31/2022,,,1,celine,10040,10040
7/31/2022,,,2,Shiela,11360,22720
7/31/2022,,,2,Brewster,11680,23360
7/31/2022,,,2,Dining 8's,10578.4,21156.8
7/31/2022,,,3,Dining 6's,8726.4,26179.2
7/31/2022,,,6,Dining Chair 102,986.4,5918.4
7/31/2022,Aries,50082,2,SB 48x75,3986.4,7972.8
7/31/2022,,,2,Sb 54x75,4460,8920
7/31/2022,,,2,SB 60x75,4836,9672
7/31/2022,,,4,Uratex Foam 36x4,2440,9760
7/31/2022,,,2,Uratex Foam 48x4,3216,6432
7/31/2022,,,2,Uratex Foam 54x4,3600,7200
7/31/2022,,,4,Uratex Foam 60x4,3944,15776
7/31/2022,,,2,Urtaex Foam 60x6,5676,11352
08/05/2022,Century,50083,24,Dining Chair # 102,1026.27,24630.48
08/05/2022,,,2,DD 36x36,6475.95,12951.9
08/05/2022,,,6,SB 36x75,3774.6,22647.6
08/05/2022,,,4,SB 48x75,4151.25,16605
08/05/2022,,,7,Dining set 4's,6961.95,48733.65
08/05/2022,,,5,Dining set 8's,11323.8,56619
08/05/2022,,,2,Hazelle,10449,20898
08/05/2022,,,4,Angeline,10449,41796
08/05/2022,,,1,Wennylen ,10449,10449
08/05/2022,Century,50084,1,Celine,10449,10449
08/05/2022,,,1,Michelle,10449,10449
08/05/2022,,,3,Ayesha,18225,54675
08/05/2022,,,2,lalie,13770,27540
08/05/2022,,,3,Francia,18144,54432
08/05/2022,,,2,Marco,6804,13608
08/05/2022,,,2,Sydney,17415,34830
08/05/2022,,,1,Sophia,7848.9,7848.9
08/05/2022,Century,50085,1,Imelda 4's A,11457.45,11457.45
08/05/2022,,,2,"Esmeralda 6,s",16143.3,32286.6
08/06/2022,Alson,50086,3,Imelda 4's A,9730,29190
08/06/2022,Kaneda,50087,2,Imelda 4's A,11175,22350
08/06/2022,,,1,Imelda 4's W,10875,10875
08/06/2022,,,3,Esmeralda 4's A,12450,37350
08/06/2022,,,2,la Elegancia,12475.5,24951
08/06/2022,Kingswood,50088,9,Sb 48x75,3565,32085
08/06/2022,,,9,Sb 60x75,4065,36585
08/06/2022,,,2,Michelle,9305,18610
08/10/2022,Maya Belardo,50089,3,SB 48x75,3897.38,11692.13
08/11/2022,Rovick Jay,50090,2,Francia,18400,36800
08/11/2022,,,4,California,16880,67520
08/11/2022,,,2,Chloe,6960,13920
08/11/2022,,,1,Avor,15160,15160
08/11/2022,,,1,Justine,11200,11200
08/11/2022,,,1,Jessa,9868,9868
08/11/2022,,,1,Butler,13760,13760
08/11/2022,,,1,Cassandra,18600,18600
08/11/2022,,,1,Brewster,12520,12520
08/11/2022,,,1,Clarisse,11720,11720
08/11/2022,Rovick Jay,50091,3,Dining 8's,11695.2,35085.6
08/11/2022,,,2,Dining 6's,9280,18560
08/11/2022,,,3,SB 36x75,3920,11760
08/11/2022,,,5,Center w/ 3/8,2320,11600
08/11/2022,,,5,Side w/ 3/8,1960,9800
08/11/2022,,,3,Foam 36x4,2060,6180
08/11/2022,,,2,Foam 36x6,2648,5296
08/11/2022,,,1,Sophia,8012,8012
08/11/2022,,,1,Madrid,11040,11040
08/11/2022,,,1,Garnet,8528,8528
08/11/2022,Century Family Mall,50092,2,Michelle,10449,20898
08/11/2022,,,1,Ayen,10449,10449
08/11/2022,,,1,Francia,18144,18144
08/11/2022,,,1,Wennylen ,10449,10449
08/11/2022,,,2,Royce,6804,13608
08/12/2022,Walk In,50093,1,Shiela,11625,11625
08/12/2022,,,1,Center w/ 3/8,2175,2175
8/13/2022,Consumer,50094,2,SB 48x75,4102.5,8205
8/13/2022,,,1,Marco,6525,6525
8/13/2022,,,1,Chloe,6525,6525
8/13/2022,,,1,Chelsea,6525,6525
8/13/2022,,,1,Paul 48,8670,8670
8/13/2022,Alson,50095,2,Dining 4's,6050,12100
8/13/2022,,,5,Dining 6's,8050,40250
8/13/2022,,,3,Dining 8's,9750,29250
8/13/2022,,,1,Marco,5755,5755
8/13/2022,,,1,Chollo,5755,5755
8/13/2022,,,1,Chelsea,5755,5755
8/13/2022,,,1,Wennylen ,9305,9305
8/13/2022,,,1,Celine,9305,9305
8/13/2022,,,1,Chloe,5755,5755
8/13/2022,,,1,Lalie,12135,12135
8/13/2022,,,1,Michelle,9305,9305
8/13/2022,,,1,Shila,10685,10685
8/13/2022,Alson,50096,1,Platera 60,8760,8760
8/13/2022,,,1,Platera 48,7120,7120
8/13/2022,,,1,Paul 48,7870,7870
8/13/2022,,,1,Jessa,8405,8405
8/13/2022,,,1,Shiela,10685,10685
8/15/2022,Father & Son,50097,2,Dining 6's,8364.5,16729
8/15/2022,Father & Son,50098,2,Dining 6's,8526.4,17052.8
8/15/2022,,,2,SB 36x75,3426.4,6852.8
8/18/2022,Consumer,50099,1,Hazelle,10050,10050
8/18/2022,,,5,Center w/ 3/8,2175,10875
8/24/2022,Multi Brand,50100,6,Dining 6's,9280,55680
8/24/2022,,,4,Dining 4's,7016,28064
8/24/2022,,,3,SB 36x75,3920,11760
8/24/2022,,,3,SB 48x75,4376,13128
8/24/2022,,,3,SB 54x75,4856,14568
8/24/2022,,,3,SB 60x75,5189.6,15568.8
8/24/2022,,,1,DD 36x48,7093.6,7093.6
8/25/2022,Father & Son,50101,5,Side w/ 3/8,1697.6,8488
8/25/2022,Consumer,50102,1,Francia,17250,17250
8/27/2022,Nueva Cam Sur,50103,4,SB 48x75,3981.9,15927.6
8/27/2022,,,2,DD 36x48,6329.7,12659.4
8/27/2022,,,1,Chelsea,6513,6513
8/27/2022,,,1,Chollo,6513,6513
8/27/2022,,,1,Marco,6513,6513
8/27/2022,,,1,Chloe,6513,6513
8/27/2022,,,1,Michelle,10030.8,10030.8
8/27/2022,,,1,Wennylen ,10030.8,10030.8
8/27/2022,,,1,Jessa,9192.3,9192.3
8/27/2022,,,1,Hazelle,10030.8,10030.8
8/27/2022,,,1,Aleck,12312.3,12312.3
8/30/2022,Kaneda,50104,2,Dining 6's,8700,17400
8/30/2022,,,1,Dining 4's,6577.5,6577.5
8/30/2022,,,1,DD 36x36,6237.75,6237.75
09/01/2022,Consumer,50105,1,Gideon,9000,9000
09/01/2022,,,2,DD 36x48,6650.25,13300.5
09/01/2022,,,2,Dining 6's,8745,17490
09/01/2022,,,2,Dining 4's,6577.5,13155
09/01/2022,,,1,Jonas,8025,8025
09/01/2022,Consumer,50106,2,DD 36x48,6650.25,13300.5
09/01/2022,,,1,DD 36x54,6850.5,6850.5
09/01/2022,,,2,SB 60x75,4865.25,9730.5
09/01/2022,,,2,Dining 6's,8700,17400
09/01/2022,,,4,Dining Chair  ,978.75,3915
09/01/2022,Kingswood,50107,6,SB 36x75,3165,18990
09/02/2022,Doc Tama,50108,6,Imelda 4's W,10000,60000
09/03/2022,Consumer,50109,2,Jacob,6375,12750
09/03/2022,,,1,Paul 60,10072.5,10072.5
09/03/2022,,,4,SB 60x75,4865.25,19461
09/03/2022,,,1,DD 36x48,6650.25,6650.25
09/03/2022,Consumer,50110,2,Jacob,6375,12750
09/03/2022,,,1,Madrid,10350,10350
09/03/2022,,,1,Platera 48,8025,8025
09/03/2022,,,1,Garnet,7950,7950
09/03/2022,,,1,Paul 48,8670,8670
09/03/2022,,,1,SB 48x75,4102.5,4102.5
09/03/2022,,,1,SB 54x75,4552.5,4552.5
09/03/2022,,,1,DD 36x36,6237.75,6237.75
09/03/2022,,,2,Dining 6's,8700,17400
09/03/2022,Consumer,50111,6,Center w/ 3/8,2175,13050
09/03/2022,,,3,Sb 60x75,4865.25,14595.75
09/03/2022,,,3,Sb 48x75,4102.5,12307.5
09/03/2022,,,2,Sb 54x75,4552.5,9105
09/12/2022,Alson,50112,6,Dining 4's,6050,36300
09/12/2022,,,5,Dining 6's,8050,40250
09/12/2022,,,6,Dining 8's,9750,58500
09/12/2022,,,4,DD 36x36,5665,22660
09/12/2022,,,4,SB 36x75,3165,12660
09/12/2022,,,5,SB 48x75,3565,17825
09/12/2022,,,6,SB 60x75,4065,24390
09/12/2022,,,2,Sb 54x75,3915,7830
09/12/2022,,,3,DD 36x48,5765,17295
09/12/2022,,,10,Center w/ 3/8,1710,17100
09/12/2022,,,1,Francia,15885,15885
09/12/2022,Alson,50113,1,Hazelle,9205,9205
09/12/2022,,,1,Butler,11885,11885
09/12/2022,,,1,Adams,11250,11250
09/12/2022,,,1,Shiela,10685,10685
09/12/2022,,,1,Sheena,10835,10835
09/12/2022,,,2,Ruth,6720,13440
09/12/2022,,,2,Gideon,8110,16220
09/12/2022,,,2,Jonas,6720,13440
09/12/2022,,,1,Platera 36,5655,5655
09/12/2022,,,1,Platera 48,7120,7120
09/12/2022,,,1,Liera 48,7870,7870
09/12/2022,Alson,50114,2,Imelda 4's A,9730,19460
09/12/2022,,,1,Esmeralda 4's,10730,10730
9/14/2022,Alson,50115,3,DD 36x48,5765,17295
9/14/2022,Luz Batac,50116,2,Dining 6's,8700,17400
9/14/2022,,,1,Dining 4's,6577.5,6577.5
9/14/2022,,,1,Cushion ,1500,1500
9/14/2022,Bodega,50117,3,Dining 6's,8700,26100
9/14/2022,,,3,Dining 4's,6577.5,19732.5
9/14/2022,,,2,OT 20x40,2650,5300
9/16/2022,Cancelled,,,,0,0
9/16/2022,Century Family Mall,50119,2,Avor,14976.9,29953.8
9/16/2022,,,2,Sydney,17415,34830
9/16/2022,,,1,Jessa,36312.3,36312.3
9/16/2022,,,8,Side w/ 3/8,1767.42,14139.36
9/16/2022,,,4,Sb 48x75,4151.25,16605
9/16/2022,,,4,SB 54x75,4649.4,18597.6
9/16/2022,,,4,SB 36x75,3774.6,15098.4
9/16/2022,,,8,Dining 6's,9088.2,72705.6
9/16/2022,,,2,Dining 8's,11323.8,22647.6
9/16/2022,,,1,Copenhagen,8326.8,8326.8
9/16/2022,Rovock Jay,50120,1,Francia,18400,18400
9/16/2022,,,1,Clarisse,11720,11720
9/16/2022,Century Family Mall,50121,2,Michelle,10449,20898
9/16/2022,,,2,Aleck,12846.6,25693.2
9/16/2022,,,2,Celine,10449,20898
9/16/2022,,,2,Hazelle,10449,20898
9/16/2022,,,4,Francia,18144,72576
9/16/2022,,,2,Clarisse,11566.8,23133.6
9/16/2022,,,1,Chelsea,6804,6804
9/16/2022,,,2,Chloe,6804,13608
9/16/2022,,,1,Marco,6804,6804
9/16/2022,,,1,Chollo,6804,6804
9/17/2022,Clarahill,50122,1,DD 36x48,5765,5765
9/17/2022,,,4,Sb 36x75,3165,12660
9/17/2022,,,2,Sb 48x75,3565,7130
9/17/2022,,,2,Sb 54x75,3915,7830
9/17/2022,,,2,Sb 60x75,4065,8130
9/17/2022,Clarahill,50123,2,SB 36x75,3165,6330
9/17/2022,,,1,SB 48x75,3565,3565
9/17/2022,,,1,Sb 54x75,3915,3915
9/17/2022,Kaneda,50124,1,Lalie,13200,13200
9/17/2022,Consumer,50125,1,Gideon,9000,9000
9/28/2022,Father & Son,50126,2,Dining 8's,10261.05,20522.1
9/28/2022,,,1,Dining 6's,8464.61,8464.61
9/28/2022,Father & Son,50127,5,Center w/ 3/8,2109.6,10548
9/28/2022,Consumer,50128,1,FRancia,17250,17250
10/10/2022,Alson,50132,1,Francia,15885,15885
10/12/2022,Alson,50133,1,Francia,15885,15885
10/12/2022,Alson,50133,1,Ayesha,15845,15845
10/12/2022,Alson,50133,1,Le Bron,13885,13885
10/12/2022,Alson,50133,1,Steffany,12750,12750
10/12/2022,Alson,50133,1,Jethro,8110,8110
10/17/2022,Alson,50135,1,Francia,15885,15885
10/25/2022,Alson,50145,1,Bella,8205,8205
10/25/2022,Alson,50145,1,Khim,8905,8905
10/25/2022,Alson,50146,2,Imelda 4's A,9730,19460
10/09/2022,Kingswood,50131,6,Dining 6's,8050,48300
10/09/2022,Kingswood,50131,4,Dining 8's,9750,39000
10/09/2022,Kingswood,50131,6,SB 36x75,3165,18990
10/09/2022,Kingswood,50131,2,Francia,15885,31770
10/09/2022,Kingswood,50131,1,Celine,9305,9305
10/09/2022,Kingswood,50131,2,Hazelle,9205,18410
10/09/2022,Kingswood,50131,2,Michelle,9305,18610
10/09/2022,Kingswood,50131,1,Wennylen,9305,9305
10/27/2022,Kingswood,50137,2,Esmeralda 4's,10730,21460
10/22/2022,Kingswood,50138,2,Sydney,14000,28000
10/05/2022,Consumer,50129,1,Sheena,11737.5,11737.5
10/08/2022,Consumer,50130,1,Francia,17250,17250
10/13/2022,Consumer,50134,1,SB 36x75,3165,3165
10/13/2022,Consumer,50134,1,SB 54x75,3915,3915
10/13/2022,Consumer,50134,2,SB 60x75,4065,8130
10/13/2022,Consumer,50134,1,DD 36x54,6065,6065
10/13/2022,Consumer,50134,2,DD 36x60,6415,12830
10/13/2022,Consumer,50134,2,DD 36x48,5765,11530
10/13/2022,Consumer,50134,3,Dining 4's,6050,18150
10/19/2022,Consumer,50136,1,Sb 54x75,4552.5,4552.5
10/19/2022,Consumer,50136,1,DD 36x36,8317.75,8317.75
10/19/2022,Consumer,50136,1,DD 36x48,6650.25,6650.25
10/19/2022,Consumer,50136,1,DD 36x54,6850.5,6850.5
10/24/2022,Consumer,50140,3,SB 48x75,4102.5,12307.5
10/24/2022,Consumer,50140,3,SB 60x75,4865.25,14595.75
10/24/2022,Consumer,50140,6,Dining Chair,978.75,5872.5
10/24/2022,Consumer,50140,2,Center w/ 3/8,2175,4350
10/24/2022,Consumer,50140,1,Marco,6525,6525
10/24/2022,Consumer,50140,1,Chloe,6525,6525
10/24/2022,Consumer,50140,1,Shiela,11625,11625
10/24/2022,Consumer,50141,2,SB 36x75,3675,7350
10/24/2022,Consumer,50141,2,SB 54x75,4552.5,9105
10/24/2022,Consumer,50141,1,SB 60x75,4865.25,4865.25
10/24/2022,Consumer,50141,1,DD 36x54,6850.5,6850.5
10/24/2022,Consumer,50142,1,Dave,9390,9390
10/24/2022,Consumer,50142,1,Platera 60,9750,9750
10/24/2022,Consumer,50142,2,SB 54x75,4552.5,9105
10/25/2022,Consumer,50143,2,Dining 4's,6577.5,13155
10/25/2022,Consumer,50143,5,Center w/ 3/8,2175,10875
10/25/2022,Consumer,50143,1,Chelsea,6525,6525
10/25/2022,Consumer,50143,1,Chloe,6525,6525
10/25/2022,Consumer,50143,1,Chollo,6525,6525
10/25/2022,Consumer,50143,1,Paul 48,8670,8670
10/25/2022,Consumer,50143,1,OT 24x48,4125,4125
10/25/2022,Consumer,50144,1,Imelda 4's A,11175,11175
10/26/2022,Consumer,50147,1,Paul 48,8670,8670
10/26/2022,Consumer,50147,1,Dave,9390,9390
10/26/2022,Consumer,50147,1,Montreal 60,9375,9375
10/26/2022,Consumer,50147,3,SB 60x75,4865.25,14595.75
10/26/2022,Consumer,50147,2,DD 36x48,6650.25,13300.5
10/26/2022,Consumer,50147,1,Dining 6's,8700,8700
10/26/2022,Consumer,50147,1,Dining 6's w/o Glass,6450,6450
10/26/2022,Consumer,50147,1,Glass 4's ,1784.25,1784.25
10/26/2022,Consumer,50147,1,Jella,11737.5,11737.5
10/26/2022,Consumer,50147,1,Celine,10050,10050
10/26/2022,Consumer,50147,1,Wennylen,10050,10050
10/26/2022,Consumer,50147,1,Shiela,11625,11625
10/26/2022,Consumer,50148,5,SB 54x75,4552.5,22762.5
10/26/2022,Consumer,50148,5,DD 36x36,6237.75,31188.75
10/26/2022,Consumer,50148,5,Dining 6's,8700,43500
10/26/2022,Consumer,50148,3,Dining 4's,6577.5,19732.5
10/26/2022,Luz Batac,50149,3,Dining 6's,8700,26100
10/22/2022,Vamacs,50139,2,Dining 6's,8700,17400
10/22/2022,Vamacs,50139,1,Dining 8's,10964.25,10964.25
10/22/2022,Vamacs,50139,3,Center w/ 3/8,2175,6525
10/22/2022,Vamacs,50139,1,SB 54x75,4552.5,4552.5
10/22/2022,Vamacs,50139,2,Chloe,6525,13050
11/10/2022,Father & Son,50150,2,Dining 6's,8464.61,16929.22
11/10/2022,Consumer,50701,1,Chelsea,6525,6525
11/10/2022,,,1,Center w/ 3/8,2175,2175
11/14/2022,RRS,50702,1,Marco,7335,7335
11/14/2022,,,1,Chloe,7335,7335
11/14/2022,,,1,Chollo,7335,7335
11/14/2022,,,1,Michelle,11295,11295
11/14/2022,,,1,Hazelle,11295,11295
11/14/2022,,,1,Clarisse,12375,12375
11/14/2022,,,1,Khim,11250,11250
11/14/2022,,,1,36x4,2178,2178
11/14/2022,,,1,48x4,2529,2529
11/14/2022,,,1,54x4,2794.5,2794.5
11/14/2022,,,1,60x4,3015,3015
11/14/2022,,,1,Paul 48,9727.2,9727.2
11/16/2022,RRS,50703,1,Shiela,12780,12780
11/16/2022,,,1,Dining 4's,7470,7470
11/16/2022,,,1,Dining 6's,9817.2,9817.2
11/16/2022,,,1,Dining 8's,11900.7,11900.7
11/16/2022,,,2,Center w/ 3.8,2373.3,4746.6
11/16/2022,,,1,SB 36x75,4079.7,4079.7
11/16/2022,,,1,Sb 48x75,4484.7,4484.7
11/16/2022,,,1,SB 54x75,5017.5,5017.5
11/16/2022,,,1,SB 60x75,5440.5,5440.5
11/16/2022,,,1,DD 36x36,6930,6930
11/16/2022,,,1,DD 36x48,7128,7128
11/16/2022,,,1,DD 36x54,7589.7,7589.7
11/16/2022,,,1,DD 36x60,7904.7,7904.7
11/16/2022,,,1,Judah,8505,8505
11/16/2022,,,1,Platera 60,10939.5,10939.5
11/18/2022,WBE,50704,1,Veronica,8000,8000
11/21/2022,Consumer,50705,1,Francia,17250,17250
11/22/2022,Consumer,50706,3,Imelda 4's A,11175,33525
11/22/2022,Consumer,50705,1,Marco,6525,6525
11/22/2022,,,1,Chloe,6525,6525
11/22/2022,,,2,SB 48x75,4102.5,8205
11/22/2022,,,1,Sb 60x75,4865.25,4865.25
11/22/2022,,,1,Monaco,6300,6300
11/22/2022,,,1,Corner Adamsw/ stool,15768.75,15768.75
11/22/2022,,,1,Sb 36x75,3675,3675
11/22/2022,Kingswood,50708,20,DD 36x36,5665,113300
11/22/2022,,,2,Dining 6's,8050,16100
11/22/2022,,,2,Dining 8's,9750,19500
11/22/2022,,,2,Sydney,15135,30270
11/22/2022,,,2,Francia,15885,31770
11/22/2022,,,2,Bella,8205,16410
11/22/2022,,,1,Avor,13085,13085
11/22/2022,Kingswood,50709,2,Esmeralda 4's A,10730,21460
11/22/2022,RSB,50710,1,OT 20x40,3525,3525
11/23/2022,Kaneda,50711,1,Imelda 4's A,11175,11175
11/23/2022,Kaneda,50712,1,Dining 4's ,6577.5,6577.5
11/23/2022,,,1,Sb 54x75,4552.5,4552.5
11/23/2022,Alson,50713,2,Imelda 4's A,9730,19460
11/23/2022,Alson,50714,1,Francia,15885,15885
11/23/2022,Consumer,50715,1,Dining 6's,8700,8700
11/23/2022,Alson,50716,5,Dining 6's,8050,40250
11/23/2022,,,1,Marco,5755,5755
11/23/2022,,,1,Chloe,5755,5755
11/23/2022,,,1,Chollo,5755,5755
11/23/2022,,,1,Chelsea,5755,5755
11/23/2022,,,1,Michelle,9305,9305
11/23/2022,,,1,Shiela,10685,10685
11/23/2022,,,1,Jethro,8110,8110
11/23/2022,,,1,Platera 48,7120,7120
11/24/2022,Clarahill,50717,1,DD 36x48,5765,5765
11/24/2022,,,1,DD 36x54,6065,6065
11/24/2022,,,1,Corner Adams w/ Stool,14500,14500
11/24/2022,Clarahill,50718,1,La Elegancia,10830,10830
11/25/2022,Alson,50719,1,Francia,15885,15885
11/25/2022,,,1,Celine,9305,9305
11/25/2022,,,1,Hazelle,9205,9205
11/25/2022,,,1,Michelle,9305,9305
11/25/2022,,,1,Shiela,10685,10685
11/25/2022,,,1,Paul 48,7870,7870
11/26/2022,Rovick Jay,50720,3,DD 36x60,7667.2,23001.6
11/26/2022,,,3,DD 36x54,7307.2,21921.6
11/26/2022,,,2,Sb 60x75,5189.6,10379.2
11/26/2022,,,1,Dining 4's,7016,7016
11/26/2022,,,2,Dining 6's,9280,18560
11/26/2022,,,3,Foam pu2 36x6,2648,7944
11/26/2022,,,3,Pu2 60x6,3960,11880
11/26/2022,,,3,Pu2 60x4,2856,8568
11/26/2022,,,3,Pu2 48x6,3276,9828
11/26/2022,,,4,Uratex 36x4,2560,10240
11/26/2022,,,2,Uratex 48x4,3360,6720
11/26/2022,Century Family Mall,50721,1,Julius,12555,12555
11/26/2022,,,1,Lexie,11988,11988
11/26/2022,,,1,le Bron,15835.5,15835.5
11/26/2022,,,1,Ayesha,18225,18225
11/26/2022,,,2,Avor,14976.9,29953.8
11/26/2022,,,2,Sydney,17415,34830
11/26/2022,,,2,Francia,18144,36288
11/26/2022,,,1,Sophia,7848.9,7848.9
11/26/2022,,,5,DD 36x36,6475.95,32379.75
11/26/2022,,,6,DD 36x48,6597.45,39584.7
11/26/2022,,,6,DD 36x54,7026.75,42160.5
11/26/2022,Century Family Mall,50722,6,DD 36x60,7322.4,43934.4
11/26/2022,,,6,Sb 48x75,4151.25,24907.5
11/26/2022,,,2,Sb 60x75,5038.2,10076.4
11/26/2022,,,2,Dining 6's,9088.2,18176.4
11/26/2022,,,2,Copenhagen,8326.8,16653.6
11/26/2022,,,2,belgrade,6277.5,12555
11/26/2022,,,2,Monacco,13186.8,26373.6
11/26/2022,Century Family Mall ,50723,2,Esmeralda 4's A,12712.95,25425.9
11/28/2022,Vamacs,50724,1,Chloe,6525,6525
11/28/2022,,,1,Marco,6525,6525
11/28/2022,Alson,50725,1,Francia,15885,15885
12/01/2022,walk In,50726,1,Wennylen,10050,10050
12/01/2022,,,1,Side Table,1837.5,1837.5
12/02/2022,Alson,50727,1,Marco,5755,5755
12/03/2022,Clarahill,50728,3,DD 36x36,5665,16995
12/03/2022,,,1,DD 36x48,5765,5765
12/03/2022,,,2,DD 36x54,6065,12130
12/03/2022,,,1,SB 60x75,4065,4065
12/03/2022,,,1,Platera 60,8760,8760
12/03/2022,,,1,Platera 48,7120,7120
12/03/2022,Clarahill,50729,1,La Elegancia,10830,10830
12/03/2022,Alson,50730,2,Francia,15885,31770
12/03/2022,Consumer,50731,1,Francia,17250,17250
12/03/2022,WBE,50732,1,Dining 6's,8700,8700
12/03/2022,Kens,50733,1,Michelle,10050,10050
12/03/2022,,,1,WEnnylen,10050,10050
12/03/2022,,,1,Steffany,13875,13875
12/03/2022,,,1,Clarisse,10987.5,10987.5
12/03/2022,,,12,Dining Chair,978.75,11745
12/04/2022,Father & Son,50734,1,Jethro,8860,8860
12/04/2022,,,1,Paul 60,9900,9900
12/04/2022,,,2,SB 36x75,3186.4,6372.8
12/04/2022,,,2,SB 48x75,3786.4,7572.8
12/04/2022,,,2,SB 54x75,4260,8520
12/04/2022,,,2,SB 60x75,4636,9272
12/04/2022,,,1,DD 36x48,6236,6236
12/04/2022,,,1,DD 36x54,6646.4,6646.4
12/04/2022,,,3,Dining 6's,8426.4,25279.2
12/04/2022,,,3,Dining 8's,10278.4,30835.2
12/04/2022,,,3,Dining 4'a,6380,19140
12/04/2022,Father & Son,50735,5,Side Table,1697.6,8488
12/04/2022,,,5,Center,2109.6,10548
12/04/2022,,,6,Dining Chair # 102,986.4,5918.4
12/04/2022,,,1,Bar Counter ,12460,12460
12/04/2022,father & Son,50736,1,Esmeralda 4's,12100,12100
12/05/2022,Alson,50737,1,Avor,13085,13085
12/05/2022,,,1,Francia,15885,15885
12/05/2022,,,1,Lalie,12135,12135
12/05/2022,,,1,Le Bron,13885,13885
12/05/2022,,,1,Lexie,10500,10500
12/05/2022,,,1,Clarisse,10105,10105
12/05/2022,,,1,Hazelle,9205,9205
12/05/2022,,,1,Michelle,9305,9305
12/05/2022,,,1,WEnnylen,9305,9305
12/05/2022,,,5,Center w/ 3/8,1710,8550
12/05/2022,Alson,50738,1,Belgrade,5055,5055
12/05/2022,,,1,Copenhagen,6870,6870
12/05/2022,,,1,Montreal 60,7760,7760
12/05/2022,,,1,Monnaco,4855,4855
12/05/2022,,,3,foam 36x4,2900,8700
12/05/2022,,,3,Foam 48x4,3667,11001
12/05/2022,,,3,Foam 54x4,4033,12099
12/05/2022,,,3,Foam 60x4,4417,13251
12/05/2022,,,3,Foam 36x6,3875,11625
12/05/2022,,,3,Foam 48x6,4967,14901
12/05/2022,,,3,Foam 54x6,5500,16500
12/05/2022,,,3,Foam 60x6,6050,18150
12/06/2022,Luz Batac,50739,4,Dining 6's,8439,33756
12/06/2022,Luz Batac,50740,5,Center w/ 3/8,2000,10000
12/09/2022,Father & Son,50741,1,Monaco,6183.2,6183.2
12/09/2022,,,1,Ruth,7460,7460
12/09/2022,,,1,Jonas,7460,7460
12/09/2022,,,1,Judah,7460,7460
12/09/2022,,,1,Gideon,8860,8860
12/09/2022,,,1,Dave,9260,9260
12/09/2022,,,1,Platera 48,7900,7900
12/09/2022,,,1,Platera 60,9624,9624
12/09/2022,,,2,SB 36x75,3426.4,6852.8
12/09/2022,,,2,SB 48x75,3786.4,7572.8
12/09/2022,,,2,SB 54x75,4260,8520
12/09/2022,,,2,SB 60x75,4636,9272
12/09/2022,Nueva Cam Sur,50742,3,DD 36x36,7004.8,21014.4
12/09/2022,,,3,DD 36x48,7141.2,21423.6
12/09/2022,,,3,DD 36x54,7603.2,22809.6
12/09/2022,Consumer,50743,1,Imelda 4's W,10875,10875
12/10/2022,Kingswood,50744,6,Dining 6's,8050,48300
12/10/2022,,,4,Bella,8205,32820
12/10/2022,Kens,50745,1,Ayen,10050,10050
12/10/2022,Clarahill,50746,1,Platera 36,5655,5655
12/10/2022,,,1,Montreal 84,10340,10340
12/10/2022,,,1,Corner Adams w/ stool,14500,14500
12/10/2022,Consumer,50747,1,Imelda 4's W,10875,10875
12/12/2022,Consumer,50748,1,SB 36x75,3675,3675
12/12/2022,,,1,Marco,6525,6525
12/12/2022,,,1,Jethro,9000,9000
12/12/2022,Consumer,50749,,Christmas Raffle,0,0
12/12/2022,Alsons,50750,1,Chelsea,5755,5755
12/12/2022,,,1,Chloe,5755,5755
12/12/2022,,,2,Francia,15885,31770
12/12/2022,,,1,Dining 8's,9750,9750
12/13/2022,Consumer,50951,1,Chelsea,6525,6525
12/13/2022,,,1,Chollo,6525,6525
12/13/2022,,,1,Steffani,13875,13875
12/13/2022,,,1,Platera 36,6600,6600
12/13/2022,,,1,Platera 60,9750,9750
12/13/2022,,,1,Judah,7575,7575
12/13/2022,,,1,Jonas,7575,7575
12/13/2022,Alson,50952,1,Marco,5755,5755
12/13/2022,,,1,Sb 48x75,3565,3565
12/13/2022,,,1,SB 60x75,4065,4065
12/13/2022,,,2,DD 36x48,5765,11530
12/13/2022,,,1,DD 36x54,6065,6065
12/13/2022,,,1,DD 36x60,6415,6415
12/13/2022,Alson,50953,1,Francia,15885,15885
12/13/2022,,,1,le Bron,13885,13885
12/13/2022,Alson,50954,2,Dining 6's,8050,16100
12/13/2022,,,1,Dining 8's,9750,9750
12/13/2022,,,1,Sb 48x75,3565,3565
12/13/2022,,,1,DD 36x36,5665,5665
12/13/2022,Alson,50955,2,Imelda 4's A,9730,19460
12/13/2022,WBE,50956,1,Dining 8's,10964.25,10964.25
12/14/2022,Alson,50957,1,Hazelle,9205,9205
12/14/2022,,,2,Lalie,12135,24270
12/14/2022,,,1,Le Bron,13885,13885
12/14/2022,,,1,Ayen,9255,9255
12/14/2022,,,1,WEnnylen,9305,9305
12/14/2022,Consumer,50958,1,Paul 60,10072.5,10072.5
12/14/2022,,,1,Montreal 60,9375,9375
12/14/2022,,,1,Gideon,9000,9000
12/14/2022,,,1,Madrid,10350,10350
12/14/2022,,,2,Dining 4's,13155,26310
12/14/2022,Luz Batac,50959,2,Dining 6's,8439,16878
12/14/2022,Consumer,50960,2,Dining 6's,8700,17400
12/14/2022,,,1,Luxemburg,10350,10350
12/14/2022,,,1,Jonas,7575,7575
12/15/2022,WBE,50961,2,Center Frame Only,1275,2550
12/16/2022,Consumer,50962,1,Wennylen,10050,10050
12/19/2022,Thesson,50963,1,Adams,12082.5,12082.5
12/20/2022,Century Family Mall,50964,2,Dining 6's,9088.2,18176.4
12/20/2022,,,1,DD 36x36,6475.95,6475.95
12/20/2022,,,4,DD 36x48,6597.45,26389.8
12/20/2022,,,1,DD 36x60,7322.4,7322.4
12/20/2022,,,2,Sb 36x75,3774.6,7549.2
12/20/2022,,,1,Sb 48x75,4151.25,4151.25
12/20/2022,,,1,Sb 60x75,5038.2,5038.2
12/20/2022,,,2,Sb 54x75,4649.4,9298.8
12/20/2022,,,2,Angeline,10449,20898
12/20/2022,,,2,Aleck,12846.6,25693.2
12/20/2022,,,2,Celine,10449,20898
12/20/2022,Century Family Mall,50965,1,Ayen,12900,12900
12/20/2022,,,2,Julius,15500,31000
12/20/2022,,,2,le Bon,19550,39100
12/20/2022,,,3,Francia,22600,67800
12/20/2022,,,2,Lexie,14800,29600
12/20/2022,,,1,Wennylen,12900,12900
12/20/2022,Rovick Jay,50966,3,DD 36x60,7667.2,23001.6
12/20/2022,,,3,DD 36x54,7307.2,21921.6
12/20/2022,,,3,DD 36x48,7093.6,21280.8
12/20/2022,,,3,DD 36x36,6653.6,19960.8
12/20/2022,,,3,Sb 48x75,4376,13128
12/20/2022,,,4,SB 60x75,5189.6,20758.4
12/20/2022,,,3,SB 54x75,4856,14568
12/21/2022,Consumer,50967,1,Dining 6's,8700,8700
12/22/2022,Clarahill,50968,1,DD 36x36,5665,5665
12/22/2022,,,1,DD 36x48,5765,5765
12/22/2022,,,1,DD 36x54,6065,6065
12/22/2022,,,1,SB 48x75,3565,3565
12/22/2022,Kingswood,50969,2,Francia,15885,31770
12/22/2022,,,1,Aleck,11250,11250
12/22/2022,,,1,Marco,5755,5755
12/22/2022,,,1,Chloe,5755,5755
12/22/2022,,,1,Chollo,5755,5755
12/23/2022,Kingswood,50970,1,Hazelle,9205,9205
12/23/2022,,,1,Michelle,9205,9205
12/23/2022,,,1,Chelsea,5755,5755
12/23/2022,Kaneda,50971,1,Imelda 4's A,11175,11175
12/23/2022,Kaneda,50972,1,Jella,10600,10600
12/23/2022,,,1,Chloe,5755,5755
12/23/2022,,,3,Office Table 20x40,2650,7950
12/23/2022,,,1,DD 36x54,6065,6065
12/23/2022,Consumer,50973,1,OT 24x48,4125,4125
12/23/2022,WBE,50974,2,SB 54x75,4552.5,9105
12/27/2022,WBE,50975,1,Dining 8's,10964.25,10964.25
12/28/2022,Consumer,50976,1,Francia,17250,17250
12/28/2022,Vamacs,50977,3,Center Table w/ 3/8,2175,6525
12/29/2022,Vamacs,50978,1,MIchelle,10050,10050
12/30/2022,Alson,50979,1,Dining 6's,8050,8050
12/30/2022,Consumer,50980,2,Dining 6's,8700,17400
12/30/2022,Consumer,50981,1,Esmerlda 4's,12450,12450
12/30/2022,Vamacs,50982,2,Dining 6's,8700,17400
12/30/2022,,,1,Dining 8's,10964.25,10964.25
12/31/2022,Consumer,50983,2,DD 36x60,7188,14376
12/31/2022,,,2,Dining 6's,8700,17400
12/31/2022,,,2,Dining 4's,6577.5,13155
12/31/2022,,,1,Michelle,10050,10050
12/31/2022,,,1,Chelsea,6525,6525
12/31/2022,,,1,Marco,6525,6525
12/31/2022,,,1,Chloe,6525,6525
12/31/2022,,,1,Chollo,6525,6525
12/31/2022,,,5,Center w/ 3/8,2175,10875
12/31/2022,Bodega,50984,1,Shiela,11737.5,11737.5
12/31/2022,,,1,Chollo,6594.6,6594.6
12/31/2022,,,1,Steffani,13875,13875
12/31/2022,Consumer,50985,4,Dining 4's,6577.5,26310
12/31/2022,,,4,DD 36x60,7188,28752
12/31/2022,,,2,Jacob,6375,12750
12/31/2022,,,1,Monacco,6300,6300
12/31/2022,,,1,Madrid,10350,10350
12/31/2022,,,1,Judah,7575,7575
12/31/2022,,,1,JOnas,7575,7575
12/31/2022,,,1,Sophia,7511.25,7511.25
12/31/2022,,,1,Le Bron,15075,15075
12/31/2022,walk In,50986,1,Dining 6's,11600,11600
12/31/2022,Walk In,50987,1,Marco,6525,6525
12/31/2022,,,1,Side w/ 3/8,1837.5,1837.5
12/31/2022,Father & Son,50988,3,Dining 6's,8364.33,25093
12/31/2022,Father & Son,50989,5,Side Table w/ 3/8,1697.6,8488
01/09/2023,Kaneda,50990,6,Dining 6's,8700,52200
01/09/2023,,,6,Dining 4's,6577.5,39465
01/09/2023,,,6,Dining 8's,10964.25,65785.5
01/09/2023,Consumer,50991,4,Center Table w/ 3/8,2175,8700
01/09/2023,,,1,Dining 4's,6577.5,6577.5
01/09/2023,,,4,Dining 6's,8700,34800
01/09/2023,,,2,Dining 8's,10964.25,21928.5
01/09/2023,,,2,DD 36x54,6850.5,13701
01/09/2023,,,1,DD 36x36,6237.75,6237.75
01/09/2023,,,1,Chelsea,6525,6525
01/09/2023,,,1,Wennylen,10050,10050
01/09/2023,Father & Son,50992,2,Dining 6's,8464.61,16929.22
01/10/2023,WBE,50993,1,SB 60x75,4865.25,4865.25
1/13/2023,Doc Tama,50994,4,Imelda 4's A,10500,42000
1/13/2023,Consumer,50995,1,Bar Counter ,12600,12600
1/13/2023,,,1,Luxemburg,10350,10350
1/13/2023,,,2,Dining 6's,8700,17400
1/13/2023,,,2,Dining 4's,6577.5,13155
1/14/2023,WBE,50996,3,Center Frane ,1275,3825
1/16/2023,Consumer,50997,1,Clarisse,10987,10987
1/16/2023,Consumer,50998,1,Esmeralda 4's A,12450,12450
1/16/2023,Consumer,50999,1,SB 54x75,4552.5,4552.5
1/17/2023,Walk In,51000,1,Avor,14212.5,14212.5
1/24/2023,Alson,51451,1,Paul 60,10100.4,10100.4
1/24/2023,,,1,Liera 60,10475.4,10475.4
1/24/2023,,,1,Paul 48,8825.4,8825.4
1/24/2023,,,1,Mikas,9200.4,9200.4
1/24/2023,,,1,Ayesha,17643,17643
1/25/2023,Alson,51452,2,Dining 6's,9387.6,18775.2
1/25/2023,,,1,DD 36x36,6724.8,6724.8
1/25/2023,,,2,SB 48x75,4250.4,8500.8
1/25/2023,Alson,51453,1,Imelda 4's A,10599.6,10599.6
1/25/2023,,,1,Imelda 4's W,10599.6,10599.6
1/25/2023,Alson,51454,2,Dining 4's,7025.4,14050.8
1/25/2023,,,2,Dining 6's,9387.6,18775.2
1/25/2023,,,1,Liera 60,10475.4,10475.4
1/25/2023,,,1,Paul 48,8825.4,8825.4
1/25/2023,,,1,Paul 60,10100.4,10100.4
1/25/2023,,,1,Nicole,12279.6,12279.6
1/26/2023,Walk In,51455,1,Dining 6's ,11600,11600
1/26/2023,,,1,Side w/ 3/8,2450,2450
1/30/2023,Consumer,51456,1,Clarisse,10987.5,10987.5
1/30/2023,,,1,Celine,10050,10050
1/30/2023,,,2,center w/ 3/8,2175,4350
1/31/2023,Consumer,51457,1,Shiela,11625,11625
1/31/2023,,,1,Sheena,11737.5,11737.5
1/31/2023,,,1,Chloe,6525,6525
1/31/2023,,,1,Hazelle,10050,10050
1/31/2023,,,1,Dave,9390,9390
1/31/2023,,,3,Center w/ 3/8,2175,6525
1/31/2023,,,2,Dining 6's,8700,17400
1/31/2023,,,1,Sb 54x75,4552.5,4552.5
1/31/2023,,,1,DD 36x60,7188,7188
1/31/2023,,,1,DD 36x48,6650.25,6650.25
1/31/2023,Consumer,51458,1,Imelda 4's A,11175,11175
1/31/2023,Consumer,51459,1,celine,10050,10050
1/31/2023,Consumer,51460,1,celine ,10050,10050
02/01/2023,Father & Son,51460,1,Judah,7087.5,7087.5
02/01/2023,,,1,Ruth,7087.5,7087.5
02/01/2023,,,1,Liera,9525,9525
02/01/2023,,,3,SB 48x75,3737.25,11211.75
02/01/2023,,,4,SB 54x75,4181.25,16725
02/01/2023,,,2,DD 36x48,5940,11880
02/01/2023,,,3,DD 36x54,6324.75,18974.25
02/01/2023,,,2,Dining 6's,8181,16362
02/01/2023,,,2,Dining 8's,9917.25,19834.5
02/01/2023,,,1,Table frame 6's,2307.75,2307.75
02/07/2023,Father & Son,51461,1,DD 36x60,8783,8783
02/07/2023,,,3,Side w/ 3/8,1697.6,5092.8
02/08/2023,Consumer,51462,1,Dining 4's,6577.5,6577.5
02/08/2023,,,1,Top Glass 4's,1784.25,1784.25
02/08/2023,,,1,Judah 48,7575,7575
02/08/2023,Vamacs,51463,1,Khim,8905,8905
02/09/2023,Consumer,51464,1,Khim,7256.25,7256.25
02/10/2023,Doctama,51465,6,Imelda 4's W,9330,55980
02/10/2023,,,3,Imelda 4's A,9730,29190
02/10/2023,Luz Batac,51466,2, Dining 8's,10964.25,21928.5
02/10/2023,,,1,Dining 6's,8700,8700
02/10/2023,Consumer ,51467,1,Mikas,9000,9000
02/11/2023,Alson,51468,3,DD 36x36,6724.8,20174.4
02/11/2023,,,3,DD 36x48,7062,21186
02/11/2023,,,5,DD 36x54,7362.6,36813
02/11/2023,,,5,DD 36x60,7662.6,38313
02/11/2023,,,3,SB 36x75,3549.6,10648.8
02/11/2023,,,5,SB 48x75,3949.8,19749
02/11/2023,,,2,Celine,10449.6,20899.2
02/11/2023,,,1,Ayen,10449.6,10449.6
02/11/2023,,,1,Butler,13329.6,13329.6
02/11/2023,,,1,Brewster,12279.6,12279.6
02/11/2023,,,1,Jella,12579.6,12579.6
02/11/2023,,,1,Steffanie,14199.6,14199.6
02/12/2023,Alson,51469,1,Sheena,12049.8,12049.8
02/12/2023,,,1,Wennylen,10449.6,10449.6
02/12/2023,,,1,Avor,14475,14475
02/12/2023,,,1,Le Bron,15324.6,15324.6
02/12/2023,,,1,Clarisse,11199.6,11199.6
02/12/2023,,,1,Lalie,13500,13500
02/12/2023,,,1,Bella,9699.6,9699.6
02/12/2023,,,1,Khim,10299.6,10299.6
02/12/2023,,,1,Ayesha,17643,17643
02/12/2023,,,1,Marco,6780,6780
02/12/2023,,,1,Chloe,6780,6780
02/12/2023,Alson,51470,2,Belgrade,6050.4,12100.8
02/12/2023,,,1,Judah,7850.4,7850.4
02/12/2023,,,1,Jonas,7850.4,7850.4
02/12/2023,Walk IN,51471,1,Dave,9390,9390
2/14/2023,Thesson,51472,1,SB 48x75,4102,4102
2/17/2023,RSB,51473,2,OT 20x40,3526,7052
2/17/2023,Maya Belardo,51474,1,Imelda 4's A,10839.75,10839.75
2/17/2023,Vamacs,51475,1,Celine,9305,9305
2/20/2023,Kaneda,51476,10,Dining 4's,4852.5,48525
2/20/2023,Consumer,51477,1,Clarisse,10987.5,10987.5
2/20/2023,,,1,Center w/ 3/8,2175,2175
2/22/2023,Consumer,51478,1,Sydney,16458.75,16458.75
2/25/2023,Atienza,51479,1,Belgrade,5055,5055
2/25/2023,,,1,Dining 6's,8050,8050
2/25/2023,Atienza,51480,1,DD 36x48,3565,3565
2/25/2023,,,1,Copenhagen,6870,6870
2/25/2023,,,1,SB 36x75,3165,3165
2/25/2023,,,1,SB 54x75,3915,3915
2/25/2023,,,1,Bahamas 60,7710,7710
2/25/2023,,,1,Justine,9650,9650
2/25/2023,,,1,Center w/ 3/8,1710,1710
2/25/2023,Nueva Cam Sur,51481,4,DD 36x48,5765,23060
2/25/2023,,,3,SB 36x75,3165,9495
2/25/2023,,,3,SB 48x75,3565,10695
2/25/2023,,,2,Hazelle,9205,18410
2/25/2023,,,2,Chloe,5755,11510
2/25/2023,,,2,Chollo,5755,11510
2/25/2023,,,1,Chelsea,5755,5755
2/25/2023,,,1,Wennylen,9305,9305
2/25/2023,,,1,Clarisse,10105,10105
2/25/2023,,,2,Celine,9305,18610
2/25/2023,,,2,Shiela,10685,21370
2/25/2023,,,2,Michelle,9305,18610
2/25/2023,,,1,Lalie,12135,12135
2/27/2023,Alson,51482,1,Imelda 4's W,10599.6,10599.6
2/27/2023,Alson,51483,2,Dining 6's ,9387.6,18775.2
2/27/2023,,,2,Dining 8's,11124.6,22249.2
2/27/2023,Alson,51484,1,Imelda 4's W,10599.6,10599.6
2/27/2023,,,1,Esmeralda 4's A,12350.4,12350.4
2/27/2023,Clarahill,51485,2,DD 36x36,6400,12800
2/27/2023,,,3,DD 36x48,6500,19500
2/27/2023,,,3,DD 36x54,6900,20700
2/27/2023,,,3,DD 36x60,7300,21900
2/27/2023,,,4,SB 36x75,3650,14600
2/27/2023,,,3,SB 48x75,4150,12450
2/27/2023,,,4,SB 54x75,4700,18800
2/27/2023,,,4,SB 60x75,4800,19200
2/27/2023,,,2,Corner Adams w/ Stool,31900,63800
2/27/2023,,,2,Francia ,17350,34700
2/27/2023,Clarahill ,51486,6,La Elegancia,12200,73200
2/28/2023,Clarahill,51487,1,DD 36x36,6400,6400
2/28/2023,,,1,DD 36x54,6900,6900
2/28/2023,,,1,SB 36x75,3650,3650
2/28/2023,,,1,SB 48x75,4150,4150
2/28/2023,,,1,SB 54x75,4700,4700
2/28/2023,,,1,Chloe,6950,6950
2/28/2023,,,1,Chollo,6950,6950
2/28/2023,,,1,Marco,6950,6950
2/28/2023,,,1,Francia ,17350,17350
2/28/2023,Clarahill,51488,2,La Elegancia,12200,24400
03/01/2023,Clarahill,51489,1,Chloe,6950,6950
03/01/2023,,,2,Cholo,6950,13900
03/01/2023,,,2,Marco,6950,13900
03/01/2023,,,2,DD 36x36,6500,13000
03/01/2023,,,1,DD 36x48,6900,6900
03/01/2023,,,1,DD 36x60,7300,7300
03/01/2023,,,1,SB 36x75,3650,3650
03/01/2023,,,1,SB 48x75,4150,4150
03/01/2023,,,1,SB 54x75,4700,4700
03/03/2023,Clarahill,51499,1,La Elegancia,12200,12200
03/03/2023,Consumer,51491,1,Maegan,21150,21150
03/03/2023,,,1,Aleck,12082.5,12082.5
03/03/2023,,,2,SB 54x75,4802.25,9604.5
03/03/2023,,,1,DD 36x54,6850.5,6850.5
03/03/2023,,,2,DD 36x60,7188,14376
03/03/2023,,,2,Dining 6's,8700,17400
03/03/2023,,,1,Jethro,9000,9000
03/07/2023,Clarahill,51492,1,Marco,6950,6950
3/14/2023,Walk In,51494,1,Dining 4's,6577.5,6577.5
3/17/2023,Consumer,51495,1,Francia,17250,17250
3/18/2023,Kens,51496,20,Dining Chair # 102,978.75,19575
3/18/2023,Kens,51497,20,Dining Chair # 102,978.75,19575
3/18/2023,,,1,Michelle,10050,10050
3/18/2023,,,1,Celine,10050,10050
3/18/2023,,,1,Wennylen,10050,10050
3/18/2023,,,1,Chelsea,6525,6525
3/18/2023,,,1,Marco,6525,6525
3/18/2023,,,1,Chloe,6525,6525
3/18/2023,,,1,Francia,17250,17250
3/18/2023,,,1,Lalie,13200,13200
3/18/2023,,,1,Khim,9675,9675
3/18/2023,,,1,Justine,10500,10500
3/18/2023,,,1,Ayesha,17250,17250
3/18/2023,Kens,51498,1,Liera,10162.5,10162.5
3/18/2023,,,1,Paul 48,8670,8670
3/18/2023,,,1,Gideon,9000,9000
3/18/2023,,,1,Judah,7575,7575
3/18/2023,,,1,Belgrade,6000,6000
3/18/2023,,,1,Platera 48,8025,8025
3/18/2023,,,1,Platera 36,6600,6600
3/18/2023,,,2,OT 20x40,7050,14100
3/18/2023,,,2,OT 24x48,8250,16500
3/18/2023,,,1,Shiela ,11625,11625
3/20/2023,Century ,51499,2,Chollo,5755,11510
3/20/2023,,,2,Marco,5755,11510
3/20/2023,,,1,Chloe,5755,5755
3/20/2023,,,2,Clarisse,10105,20210
3/20/2023,,,3,Ayesha,15845,47535
3/20/2023,,,2,Michelle,9305,18610
3/20/2023,,,2,Wennylen,9305,18610
3/20/2023,,,3,Jessa,8405,25215
3/20/2023,,,1,Julius,10850,10850
3/20/2023,,,2,Le Bron,13885,27770
3/20/2023,,,3,Sydney,15135,45405
3/20/2023,Century,51500,2,DD 36x36,5665,11330
3/20/2023,,,5,DD 36x48,5765,28825
3/20/2023,,,4,DD 36x54,6065,24260
3/20/2023,,,7,DD 36x60,6415,44905
3/20/2023,,,6,SB 36x75,3165,18990
3/20/2023,,,6,SB 48x75,3565,21390
3/20/2023,,,1,SB 48x75,3565,3565
3/20/2023,,,2,SB 54x75,3915,7830
3/20/2023,,,5,SB 54x75,3915,19575
3/20/2023,,,3,SB 60x75,4065,12195
3/20/2023,,,2,SB 60x75,4065,8130
3/20/2023,,,2,Dining 4's,6050,12100
3/21/2023,Father & Son,51501,1,Dining 6's,8181,8181
3/21/2023,,,1,Judah,7087.5,7087.5
3/21/2023,Alson,51502,1,Mikas,11500.5,11500.5
3/22/2023,Clarahill,51503,1,La Elegancia,12300,12300
3/22/2023,Atienza,51504,1,OT 20x40,2650,2650
3/22/2023,,,1,Copenhagen,6870,6870
3/22/2023,,,1,Belgrade,5055,5055
3/22/2023,,,1,Chelsea,5755,5755
3/22/2023,,,1,Marco,5755,5755
3/22/2023,Canaveras,51505,3,SB 36x75,3924.75,11774.25
3/22/2023,,,2,SB 36x75,3475.5,6951
3/22/2023,,,1,Cattleya 36x75,3675,3675
3/22/2023,,,1,48x75,4352.25,4352.25
3/22/2023,,,1,Hilton 48x75,3903,3903
3/22/2023,,,1,Cattleya 48x75,4102.5,4102.5
3/26/2023,Walk IN,51506,1,Clarisse,10987.5,10987.5
3/27/2023,Walk In,51507,6,Cushion,250,1500
3/28/2023,Consumer,51508,1,Hazelle,10050,10050
3/28/2023,,,1,Center w/ 3/8,2175,2175
3/29/2023,Father & Son,51509,4,Dining Chair # 102,986.4,3945.6
3/29/2023,,,3,SB 54x75,4709.6,14128.8
3/29/2023,,,3,SB 60x75,5085.6,15256.8
3/29/2023,,,3,SB 48x75,4236,12708
3/29/2023,,,3,Dining 6's,8726.4,26179.2
3/29/2023,,,3,Dining 8's,10578.4,31735.2
3/29/2023,,,2,Dining 4's,6680,13360
3/29/2023,,,2,Jonas,7560,15120
3/29/2023,,,2,Judah,7560,15120
3/29/2023,,,1,Ruth,7560,7560
3/29/2023,,,1,Gideon,8960,8960
3/29/2023,,,2,Jethro,8960,17920
3/29/2023,Father & Son,51510,1,Liera 48,10808,10808
3/29/2023,,,1,Paul 48,10808,10808
3/29/2023,,,1,Dave,11700,11700
3/29/2023,,,1,Liera,12700,12700
3/29/2023,,,1,Paul 60,12550,12550
3/29/2023,,,15,Side,2122,31830
3/29/2023,Father & Son,51511,1,Imelda 4's a,11196,11196
3/29/2023,Atienza,51512,1,SB 36x75,3924.75,3924.75
3/20/2023,Father & Son,51513,1,Dining 6's,8726.4,8726.4
3/20/2023,,,1,Judah,7560,7560
3/20/2023,,,1,Jonas,7560,7560
3/20/2023,,,1,ruth,7560,7560
3/20/2023,,,1,Gideon,8960,8960
3/20/2023,,,1,Paul 48,8646.4,8646.4
3/20/2023,,,1,Liera 48,8646.4,8646.4
3/20/2023,,,1,Liera 60,10160,10160
3/30/2023,Father & Son,51514,1,Imelda 4's W,10773.6,10773.6
3/30/2023,Nueva Cam Sur,51515,6,Dining 6's,8050,48300
3/30/2023,,,2,Dining 6's,8050,16100
3/30/2023,,,2,Dining 8's,9750,19500
3/30/2023,,,2,Dining 8's,9750,19500
3/31/2023,Alson,51517,2,Esmeralda 4's,12650.4,25300.8
3/31/2023,,,2,Imelda 4's A,10899.6,21799.2
3/31/2023,,,1,Imelda 4's W,10749.6,10749.6
3/31/2023,,,1,Imelda 311 A,11450.4,11450.4
3/31/2023,Alson,51518,1,Platera 36,6747.6,6747.6
3/31/2023,,,1,Platera 48,8225.4,8225.4
3/31/2023,Kingswood,51519,4,DD 36x36,6200,24800
3/31/2023,,,6,DD 36x48,6500,39000
3/31/2023,,,9,SB 36x75,3800,34200
3/31/2023,,,5,SB 48x75,4300,21500
3/31/2023,,,1,SB 54x75,4750,4750
3/31/2023,,,2,SB 60x75,5050,10100
3/31/2023,,,4,SB 60x75,4600,18400
3/31/2023,Kingswood,51520,1,Esmeralda 4's,11900,11900
3/31/2023,,,1,Imelda 4's A,11650,11650
3/31/2023,Walk IN,51521,1,top Glass 6's,2561.25,2561.25
4/14/2023,Consumer,51522,1,Chelsea,6525,6525
4/14/2023,,,1,Marco,6525,6525
4/14/2023,,,1,Chollo,6525,6525
4/14/2023,,,1,Dining 4's,6577.5,6577.5
4/14/2023,,,4,Center w/ 3/8,2175,8700
4/14/2023,,,1,Sb 60x75,4665.75,4665.75
4/14/2023,Consumer,51523,1,Dining 6's,8700,8700
4/14/2023,,,2,Center w/ 3/8,2175,4350
4/14/2023,,,1,Sheena,11737.5,11737.5
4/14/2023,,,1,SB 54x75,4353,4353
4/14/2023,,,1,DD 36x48,6650.25,6650.25
4/14/2023,,,1,DD 36x60,7188,7188
04/11/2023,Consumer,51524,1,Sydney,16458.75,16458.75
04/11/2023,,,3,Center w/ 3/8,2175,6525
4/15/2023,Multibrand,51525,4,SB 36x75,4186.4,16745.6
4/15/2023,,,1,SB 36x75,3707.2,3707.2
4/15/2023,,,1,SB 48x75,4163.2,4163.2
4/15/2023,,,2,SB 54x75,4643.2,9286.4
4/15/2023,,,2,SB 60x75,5122.4,10244.8
4/15/2023,,,3,SB 60x75,5496,16488
4/15/2023,,,5,DD 36x36,4976.8,24884
4/15/2023,,,3,DD 36x54,6653.6,19960.8
4/15/2023,,,3,DD 36x60,7307.2,21921.6
4/15/2023,Multibrand,51526,3,DD 36x48,7093.6,21280.8
4/18/2023,Consumer,51527,1,Dining 6's,8700,8700
4/24/2023,Lopez Mktg.,51528,6,SB 48x75,4400,26400
4/24/2023,,,2,SB 54x75,4950,9900
4/24/2023,,,5,SB 60x75,5150,25750
4/24/2023,,,6,DD 36x36,6400,38400
4/24/2023,,,5,DD 36x48,6600,33000
4/24/2023,,,5,DD 36x60,7300,36500
4/24/2023,,,5,Dining 4's,6700,33500
4/24/2023,,,6,Dining 6's,8900,53400
4/24/2023,,,5,Dining 8's,10500,52500
4/24/2023,Lopez,51529,1,Imelda 4's A,11450,11450
4/24/2023,,,1,Imelda 4's W,11100,11100
4/24/2023,,,1,Esmeralda 6's,17300,17300
4/25/2023,Consumer,51530,1,Gideon,9000,9000
4/25/2023,,,1,Jethro,9000,9000
4/25/2023,,,1,Jonas,7575,7575
4/25/2023,,,1,Judah,7575,7575
4/25/2023,,,1,Wennylen,10050,10050
4/25/2023,,,1,Angeline,10050,10050
4/25/2023,,,1,Hazelle,10050,10050
4/25/2023,,,1,Justine,10500,10500
4/25/2023,,,1,Jella,11737.5,11737.5
4/25/2023,,,1,Bethany,20212.5,20212.5
4/25/2023,,,1,Ayesha,17250,17250
4/25/2023,,,2,Dining 6's,8700,17400
4/25/2023,Consumer,51531,1,Imelda 4's A,11475,11475
4/25/2023,Consumer,51532,4,SB 48x75,4352.25,17409
4/25/2023,,,2,SB 36x75,3924.75,7849.5
4/25/2023,,,2,DD 36x48,6650.25,13300.5
4/25/2023,,,5,Center w/ 3/8,2175,10875
4/25/2023,,,1,Le Bron,15075,15075
4/25/2023,,,1,Khim,9675,9675
4/25/2023,,,1,Clarisse,10987.5,10987.5
4/25/2023,,,1,Chloe,6525,6525
4/25/2023,,,1,Chelsea,6525,6525
4/25/2023,Luz Batac,51533,2,Dining 6's,8700,17400
4/25/2023,,,1,Dining 8's,10964.25,10964.25
4/25/2023,Walk In,51534,1,Imelda 4's A,11475,11475
4/26/2023,Atienza,51535,1,DD 36x54,6065,6065
4/26/2023,,,1,Dining 6's,8050,8050
4/26/2023,,,1,Belgrade,5055,5055
4/26/2023,,,1,Angeline,9255,9255
4/26/2023,,,1,Judah,6720,6720
4/26/2023,Atienza,51536,1,Imelda 4's W,9480,9480
4/26/2023,Father & Son,51537,2,Dining 8's,10362.4,20724.8
4/26/2023,,,2,Dining 6's,8526.4,17052.8
4/26/2023,,,1,Dining 4's,6580,6580
4/26/2023,,,1,Platera 48,7900,7900
4/26/2023,Consumer,51538,1,Angeline,10050,10050
4/26/2023,,,1,Steffany,13875,13875
4/26/2023,,,1,DD 36x48,6650.25,6650.25
4/29/2023,Consumer,51539,1,DD 36x36,6237.75,6237.75
4/29/2023,Reshiel Martin,51540,1,Hilton 48x75,3365,3365
4/29/2023,,,1,Urtaex 48x4,3000,3000
05/01/2023,Father & Son,51541,2,Dining 6's,8726.4,17452.8
05/01/2023,,,2,Dining 8's,10578.4,21156.8
05/01/2023,,,2,Dining 4's,6640,13280
05/01/2023,,,2,DD 36x60,7034.4,14068.8
05/01/2023,,,2,SB 36x75,3876,7752
05/01/2023,,,2,SB 54x75,4709.6,9419.2
05/01/2023,,,1,SB 60x75,5085.6,5085.6
05/01/2023,,,3,Center w/ 3/8,2109.6,6328.8
05/01/2023,Father & Son,51542,1,Imelda 4's ,10773.6,10773.6
05/03/2023,walk In,51543,1,Danna,9825,9825
05/09/2023,Rickys Plasticware,51544,2,Platera 60,11700,23400
05/09/2023,,,1,Montreal 60,11250,11250
05/09/2023,,,1,Bahamas 60,11250,11250
05/09/2023,,,1,Paul 60,12087,12087
05/09/2023,,,1,Dave 60,11268,11268
05/09/2023,,,1,Liera 60,12195,12195
05/09/2023,,,1,Montreal 84,14850,14850
05/09/2023,,,1,Gideon ,10800,10800
05/09/2023,,,1,Judah,9090,9090
05/09/2023,,,1,Saphire,9540,9540
05/09/2023,,,1,Venice,9540,9540
05/09/2023,,,1,Garnet,9540,9540
05/09/2023,Rickys Plasticware,51545,1,Le Bron,18090,18090
05/09/2023,,,1,Sydney,19750.5,19750.5
05/09/2023,,,1,Francia,20700,20700
05/09/2023,,,2,Lexie,13770,27540
05/09/2023,,,2,Clarisse,13185,26370
05/09/2023,,,1,Julius,14175,14175
05/09/2023,,,2,lalie,15840,31680
05/09/2023,,,2,Bella,10755,21510
05/09/2023,,,2,Khim,11610,23220
05/09/2023,,,1,Bethany,24255,24255
05/09/2023,,,1,California,18990,18990
05/09/2023,,,1,Steffany,16650,16650
05/09/2023,,,1,Sheena,14085,14085
5/15/2023,Consumer,51546,1,Dining 8's,10964,10964
5/16/2023,Consumer,51547,1,Francia Reuph.,6000,6000
5/21/2023,Alson,51548,1,Paul 60,16836,16836
5/21/2023,,,1,Gideon ,15334,15334
5/21/2023,,,1,Jonas,13084,13084
5/21/2023,,,1,jethro,15334,15334
5/21/2023,,,1,Ruth,13084,13084
5/22/2023,Clarahill,51549,1,Chollo,6950,6950
5/22/2023,,,1,Marco,6950,6950
5/22/2023,,,1,Platera 36,6900,6900
5/22/2023,,,1,Paul 60,10300,10300
5/22/2023,Clarahill,51550,3,la Elegancia,12300,36900
5/22/2023,Kingswood,52351,9,SB 48x75,4050,36450
5/22/2023,,,2,SB 36x75,4300,8600
5/22/2023,,,3,SB 60x75,4800,14400
5/22/2023,,,5,DD 36x36,6000,30000
5/22/2023,,,1,Francia,17850,17850
5/22/2023,,,1,Sydney,16500,16500
5/22/2023,,,2,Justine,10500,21000
5/22/2023,,,2,Shiela,11500,23000
5/22/2023,,,2,Le Bron,11200,22400
5/22/2023,Kingswood,52352,1,Imelda 4's W,11100,11100
5/22/2023,,,1,Esmeralda 4's,11900,11900
5/23/2023,Clarahill ,52353,2,la Elegancia,12300,24600
5/23/2023,Clarahill,52354,2,Chloe,6950,13900
5/23/2023,,,1,Chollo,6950,6950
5/23/2023,,,1,Marco,6950,6950
5/23/2023,,,1,Jonas,7500,7500
5/23/2023,,,1,Platera 36,6900,6900
5/23/2023,,,1,Paul 60,10300,10300
5/24/2023,Consumer,52355,1,Steffany,13875,13875
5/24/2023,,,1,Dining 6's,8700,8700
5/27/2023,Atienza,52356,2,DD 36x54,6065,12130
5/27/2023,,,1,DD 36x36,5665,5665
5/27/2023,,,1,Dining 6's,8050,8050
5/27/2023,,,1,Marco,5755,5755
5/27/2023,,,1,Khim,8905,8905
5/27/2023,Nueva Cam sur,52357,10,Center w/ 3/8,1710,17100
5/27/2023,,,2,Michelle,9305,18610
5/27/2023,,,1,Marco,5755,5755
5/27/2023,,,1,Khim,8905,8905
5/28/2023,Nueva Cam sur,52358,2,Sb 36x75 Optima,3365,6730
5/28/2023,,,1,SB 36x75,3165,3165
5/28/2023,,,2,SB 48x75 C,3565,7130
5/28/2023,,,1,SB 48x75 O,3765,3765
5/28/2023,,,1,SB 54x75 C,3915,3915
5/28/2023,,,2,SB 54x75 O,4115,8230
5/28/2023,,,3,DD 36x60,6415,19245
5/28/2023,,,1,Chloe,5755,5755
5/28/2023,,,1,Chelsea,5755,5755
5/28/2023,,,1,Chollo,5755,5755
5/29/2023,Clarahill,52359,1,Chollo,6950,6950
5/29/2023,,,1,Platera 36,6900,6900
5/29/2023,,,1,Bar Counter ,12900,12900
5/26/2023,Century Family Mall,52362,4,Francia,15885,63540
5/26/2023,,,1,Marco,5755,5755
5/26/2023,,,7,DD 36x36,5665,39655
5/26/2023,Century Family Mall,9733,3,Lexie,10500,31500
5/26/2023,,,2,Chloe,5755,11510
5/26/2023,,,3,Ayen,9255,27765
5/26/2023,,,1,Marco,5755,5755
5/26/2023,,,2,Michelle,9305,18610
5/26/2023,,,1,Hazelle,9205,9205
5/26/2023,Century,9734,6,DD 36x54,6065,36390
5/26/2023,,,6,SB 48x75,3565,21390
5/26/2023,,,12,Side w/ 3/8,1310,15720
5/26/2023,,,2,DD 36x54,6065,12130
5/26/2023,,,3,Aleck,11250,33750
5/26/2023,,,2,Sydney,15135,30270
5/26/2023,,,3,Clarisse,10105,30315
5/26/2023,Consumer,52363,1,Mikas ,9000,9000
6/24/2023,Lopez,52378,4,Imelda 4's W,11100,44400
6/24/2023,Lopez,52378,1,Imelda 4's A,11450,11450
6/24/2023,Lopez,52379,1,Ruth,7500,7500
6/24/2023,Lopez,52379,1,Judah,7500,7500
6/24/2023,Lopez,52379,2,Jethro,9000,18000
6/24/2023,Lopez,52379,2,Paul 48,8750,17500
6/24/2023,Lopez,52379,2,Ericka,5700,11400
6/24/2023,Lopez,52379,4,SB 48x75,4400,17600
6/24/2023,Lopez,52379,4,DD 36x48,6600,26400
6/24/2023,Lopez,52379,4,DD 36x60,7300,29200
06/06/2023,Walk In,52367,2,Foam 48x4 Pu2,3100,6200
6/26/2023,walk In,52380,1,Bella,8962.5,8962.5
06/06/2023,Consumer,52366,2,Dining 4's,6577.5,13155
06/06/2023,Consumer,52366,1,Dining 6's,8700,8700
06/06/2023,Consumer,52366,1,Dining 8's,10964.25,10964.25
06/06/2023,Consumer,52366,1,Top Glass 6's,2561.25,2561.25
06/06/2023,Consumer,52366,1,SB 36x75 C,3675,3675
06/06/2023,Consumer,52366,1,DD 36x48,6650.25,6650.25
06/06/2023,Consumer,52366,1,Judah,7575,7575
06/06/2023,Consumer,52366,1,Sheena,11737.5,11737.5
06/06/2023,Consumer,52366,1,Shiela,11625,11625
06/10/2023,Consumer,52370,1,Sydney,16458.75,16458.75
6/19/2023,Consumer,52371,1,Dining 4's,6577.5,6577.5
6/19/2023,Consumer,52371,3,Dining 6's,8700,26100
6/19/2023,Consumer,52371,2,Dining 8's,10964.25,21928.5
6/19/2023,Consumer,52371,2,SB 36x75 C,3675,7350
6/19/2023,Consumer,52371,1,Sb 48x75,4352.25,4352.25
6/19/2023,Consumer,52371,1,SB 60x75 C,4872.75,4872.75
6/19/2023,Consumer,52371,1,Gideon,9000,9000
6/19/2023,Consumer,52371,1,Judah,7575,7575
6/20/2023,Consumer,52374,3,Dining 6's,8700,26100
6/20/2023,Consumer,52374,2,Dining 8's,10964.25,21928.5
6/20/2023,Consumer,52374,5,Center w/ 3/8,2175,10875
6/21/2023,Consumer,52375,1,Dining 6's,8700,8700
6/21/2023,Consumer,52375,1,Sb 54x75,4802.25,4802.25
6/27/2023,Consumer,52376,1,Platera 60,9750,9750
6/27/2023,Consumer,52376,1,Platera 36,6600,6600
6/27/2023,Consumer,52376,1,Paul 48,8670,8670
6/27/2023,Consumer,52376,2,Dinig 4's,6577.5,13155
6/27/2023,Consumer,52376,2,Dining 6's,8700,17400
6/27/2023,Consumer,52376,2,SB 48x75,4352.25,8704.5
6/27/2023,Consumer,52376,1,SB 60x75 C,4865.25,4865.25
6/27/2023,Consumer,52376,1,SB 60x75,5115,5115
6/27/2023,Consumer,52376,2,DD 36x48,6650.25,13300.5
6/27/2023,Consumer,52376,2,DD 36x54,6850.5,13701
6/27/2023,Consumer,52376,1,Marco,6525,6525
6/27/2023,Consumer,52376,1,Chloe,6525,6525
6/27/2023,Consumer,52376,1,Chollo,6525,6525
6/22/2023,Consumer,52377,6,Dining 6's,8700,52200
6/22/2023,Consumer,52377,5,Dining 8's,10964.25,54821.25
6/22/2023,Consumer,52377,3,Sb 60x75,5115,15345
6/22/2023,Consumer,52377,2,SB 60x75 C,4865.25,9730.5
6/22/2023,Consumer,52377,8,Center w/ 3/8,2175,17400
6/22/2023,Consumer,52377,2,Liera 60,8670,17340
6/22/2023,Consumer,52377,1,Wennylen,10050,10050
6/22/2023,Consumer,52377,1,Hazelle,10050,10050
6/22/2023,Consumer,52377,3,Chloe,6525,19575
6/22/2023,Consumer,52377,2,Bella,8962.5,17925
6/22/2023,Consumer,52377,2,Khim,9675,19350
6/30/2023,Consumer,52381,1,Danna,9525,9525
6/20/2023,Doc Tama,52373,6,Imelda 4's A,9880,59280
6/20/2023,Doc Tama,52373,1,Top Marble Imelda ,1155,1155
06/03/2023,Father & Son,52364,1,Dining 4's,6379.6,6379.6
06/03/2023,Father & Son,52364,1,Dining 6's,8364.61,8364.61
06/03/2023,Father & Son,52365,1,Dining 6's,8626.4,8626.4
06/09/2023,Lianzam,52369,1,Imelda 4's A,11276.25,11276.25
6/20/2023,Luz Batc,52372,2,Dining 6's,8700,17400
6/20/2023,Luz Batc,52372,2,Dining 8's,10964.25,21928.5
6/27/2023,Thesson,52368,1,Anita Coffe Table,6923.62,6923.62
07/03/2023,Kaneda,52382,1,Chloe,6525,6525
07/03/2023,,,1,Sheena,13772,13772
07/03/2023,,,1,Khim,9675,9675
07/03/2023,,,1,Ericka,5475,5475
07/03/2023,Father & son,52383,1,OT 24x48,3957.8,3957.8
07/03/2023,,,3,Side w/ 3/8,1633.94,4901.82
07/03/2023,Consumer,52384,1,Dining 8's,10964.25,10964.25
07/05/2023,Alson,52385,1,SB 54x75,3412.35,3412.35
07/07/2023,Bodega,52386,5,OT 24x48,4350,21750
07/07/2023,,,3,Dining 4's,6577.5,19732.5
07/07/2023,,,4,Dining 6's,8745,34980
07/07/2023,,,3,Dining 8's,10964.25,32892.75
07/12/2023,Kaneda,52387,1,DD 36x36,7188,7188
07/12/2023,,,1,Avor,14212.5,14212.5
07/12/2023,Alson,52388,1,Mikas,9200,9200
7/17/2023,Father & Son,52389,1,Platera 48,7660,7660
7/17/2023,Father & Son,52390,1,Platera 48,7900,7900
7/17/2023,Father & son,52391,3,Side w/ 3/8,1697.6,5092.8
7/24/2023,May Belardo,52392,2,DD 36x36,5988.24,11976.48
7/25/2023,Vamacs,52393,1,Belgrade,6000,6000
7/25/2023,,,2,OT 20x40,3525,7050
7/27/2023,Century Family Mall,52394,9,DD 36x48,5765,51885
7/27/2023,,,3,DD 36x54,6065,18195
7/27/2023,,,2,SB 36x75,3165,6330
7/27/2023,,,4,SB 36x75,3165,12660
7/27/2023,,,3,SB 60x75,4065,12195
7/27/2023,,,5,SB 60x75,4065,20325
7/27/2023,,,7,SB 54x75,3915,27405
7/27/2023,,,3,SB 54x75,3915,11745
7/27/2023,,,4,Dining 8's,9750,39000
7/27/2023,Century Family Mall,52395,2,Ayesha,15500,31000
7/27/2023,,,2,Aleck,11250,22500
7/27/2023,,,2,Sophia,6907,13814
7/27/2023,,,2,Francia,15885,31770
7/27/2023,,,1,Sydney,15135,15135
7/27/2023,Century Family Mall,52396,1,Imelda 4's A,9880,9880
7/27/2023,Rovick Jays,52397,4,Uratex 36x4,2680,10720
7/27/2023,,,2,48x4,3488,6976
7/27/2023,,,2,54x4,3880,7760
7/27/2023,,,2,54x6,5460,10920
7/27/2023,,,2,60x6,6040,12080
7/27/2023,,,3,Francia,18400,55200
7/27/2023,,,2,Clarisse,11720,23440
7/27/2023,,,1,Chollo,6960,6960
7/27/2023,,,1,Chelsea,6960,6960
7/27/2023,,,1,Marco,6960,6960
7/28/2023,Alson,52398,1,Jethro,9200.4,9200.4
7/28/2023,,,1,Mikas,12267.2,12267.2
7/29/2023,Father & Son,52399,1,DD 36x54,6746.4,6746.4
7/29/2023,,,1,DD 36x60,7026.4,7026.4
7/29/2023,,,2,SB 36x75,3626.4,7252.8
7/29/2023,,,2,SB 48x75,3986.4,7972.8
7/29/2023,,,2,Dining 6's,8726.4,17452.8
7/29/2023,,,2,Platera 60,9500,19000
7/29/2023,,,1,Jonas,7560,7560
7/29/2023,,,1,Judah,7560,7560
7/29/2023,,,1,Platera 48,8120,8120
7/29/2023,Nueva Cam sur,52400,4,Dining 4's,8720.4,34881.6
7/31/2023,Lopez Mktg.,52401,3,SB 36x75,4000,12000
7/31/2023,,,2,SB 36x75,3750,7500
7/31/2023,,,2,SB 54x75,4950,9900
7/31/2023,,,2,SB 54x75,4700,9400
7/31/2023,,,3,SB 60x75,4900,14700
7/31/2023,,,5,SB 60x75,5150,25750
7/31/2023,,,5,DD 36x36,6400,32000
7/31/2023,,,2,Dining 8's,10500,21000
7/31/2023,,,1,Top Glass 8's,3015,3015
7/31/2023,,,15,Side w/ 3/8,1700,25500
7/31/2023,,,20,Center w/ 3/8,2100,42000
7/31/2023,Lopez Mktg.,52402,1,Jonas,7500,7500
7/31/2023,,,1,Judah,7500,7500
7/31/2023,,,1,Jethro,9000,9000
7/31/2023,,,1,MIkas,9000,9000
7/31/2023,,,1,Platera 48,8200,8200
7/31/2023,,,2,Platera 60,9700,19400
7/31/2023,,,1,Lorelie,8950,8950
7/31/2023,,,1,Liera,8750,8750
7/31/2023,,,1,Dana,9800,9800
7/31/2023,,,2,OT 20x40,3600,7200
8/29/2023,Cash,52417,1,Jessa,9868,9868
08/07/2023,Clarahill,52407,1,Chloe,5212.5,5212.5
08/07/2023,Clarahill,52407,1,Chollo,6950,6950
08/07/2023,Clarahill,52407,1,Marco,6950,6950
08/07/2023,Clarahill,52408,2,Chloe,6950,13900
08/07/2023,Clarahill,52408,2,Chollo,6950,13900
08/07/2023,Clarahill,52408,2,Marco,6950,13900
08/07/2023,Clarahill,52408,1,Corner Adams w/ Stool,15950,15950
08/07/2023,Clarahill,52408,2,Francia,17350,34700
8/14/2023,Clarahill,52409,1,Chloe,6950,6950
8/14/2023,Clarahill,52409,1,Chollo,6950,6950
8/14/2023,Clarahill,52409,1,Marco,6950,6950
8/14/2023,Clarahill,52409,1,Platera 48,8200,8200
8/23/2023,Clarahill,52413,1,Chloe,6950,6950
8/23/2023,Clarahill,52413,2,Chollo,6950,13900
8/23/2023,Clarahill,52413,1,Corner Adams w/ Stool,15950,15950
8/21/2023,Walk In,52412,1,Center ,2465,2465
8/29/2023,Lopez,52415,2,Jethro,9000,18000
8/29/2023,Lopez,52415,2,Mikas,9000,18000
8/29/2023,Lopez,52415,1,Gideon,9000,9000
8/29/2023,Lopez,52415,1,Jonas,7500,7500
8/29/2023,Lopez,52415,2,Judah 48,7500,15000
8/29/2023,Lopez,52415,1,Ruth,7500,7500
8/29/2023,Lopez,52415,2,Jacob,6200,12400
8/29/2023,Lopez,52415,1,Paul 60,10300,10300
8/29/2023,Lopez,52415,1,Liera 48,8750,8750
8/29/2023,Lopez,52415,6,Dining 6's,8900,53400
8/29/2023,Lopez,52415,3,SB 54x75 C,4700,14100
8/29/2023,Lopez,52415,3,SB 60x75 C,4900,14700
8/29/2023,Lopez,52415,1,SB 60x75 O,5150,5150
8/29/2023,Lopez,52416,4,DD 36x54,6900,27600
8/29/2023,Lopez,52416,4,DD 36x48,6600,26400
08/02/2023,Consumer,52403,1,Dining 8's,10964.25,10964.25
08/05/2023,Consumer,52405,1,Dining 8's,10964.25,10964.25
08/05/2023,Consumer,52405,2,Dining 6's,8700,17400
08/05/2023,Consumer,52405,2,Dining 4's,6577.5,13155
08/05/2023,Consumer,52405,2,SB 48x75,4352.25,8704.5
08/05/2023,Consumer,52405,1,Adams,12082.5,12082.5
08/05/2023,Consumer,52405,1,Shiela,11625,11625
08/05/2023,Consumer,52405,1,Sheena,11737.5,11737.5
08/05/2023,Consumer,52405,1,Hazelle,10050,10050
08/05/2023,Consumer,52405,1,Bahamas 60,9375,9375
08/05/2023,Consumer,52405,1,Judah 48,7575,7575
08/05/2023,Consumer,52406,1,Bella,8962.5,8962.5
08/05/2023,Consumer,52406,1,Chelsea,6525,6525
08/05/2023,Consumer,52406,1,Chloe,6525,6525
08/05/2023,Consumer,52406,1,Corner Ceasta w/ Stool,15776.25,15776.25
08/05/2023,Consumer,52406,2,DD 36x60,7188,14376
08/05/2023,Consumer,52406,2,DD 36x36,6237.75,12475.5
08/05/2023,Consumer,52406,2,DD 36x48,6650.25,13300.5
08/05/2023,Consumer,52406,1,Dining 6's,8700,8700
08/05/2023,Consumer,52406,1,Platera 60,9750,9750
8/14/2023,Kaneda,52410,7,OT 18x36,3202.5,22417.5
08/05/2023,Nueva Cam Sur,52404,1,Moana,6513,6513
08/05/2023,Nueva Cam Sur,52404,1,Chelsea,6513,6513
08/05/2023,Nueva Cam Sur,52404,1,Chollo,6513,6513
08/05/2023,Nueva Cam Sur,52404,1,Chloe,6513,6513
08/05/2023,Nueva Cam Sur,52404,1,Hazelle,10030.8,10030.8
08/05/2023,Nueva Cam Sur,52404,1,Michelle,10030.8,10030.8
08/05/2023,Nueva Cam Sur,52404,4,Dining 6's,8720.4,34881.6
8/18/2023,RSB,52411,2,OT 24x48,4125,8250
8/23/2023,Vamacs,52414,1,Bubbles,6525,6525
8/23/2023,Vamacs,52414,1,Celine,10050,10050
8/23/2023,Vamacs,52414,2,Center w/ 3/8,2175,4350
09/01/2023,Kens ,52419,1,Platera 48,8025,8025
09/04/2023,Doc Tama,52420,5,Imelda 4's W,11175,55875
09/04/2023,,,5,Imelda 4's a,11825,59125
09/07/2023,Bodega Ent.,52521,1,Dining 4's,6577.5,6577.5
09/07/2023,,,1,Dining 6's,8700,8700
09/07/2023,,,1,Dining 8's,10964.25,10964.25
09/05/2023,Kingswood,52522,1,Angeline,9600,9600
09/05/2023,,,2,Ayen,9600,19200
09/05/2023,,,1,Michelle,9600,9600
09/05/2023,,,2,celine,9600,19200
09/05/2023,,,2,Hazelle,9600,19200
09/05/2023,,,2,Wennylen,9600,19200
09/05/2023,,,2,Justine,10500,21000
09/05/2023,,,2,Alexk,12800,25600
09/05/2023,,,2,Shila,11500,23000
09/05/2023,,,1,Clarete,11500,11500
09/12/2023,WBE,52523,1,Sb 60x75,5115,5115
09/12/2023,Consumer,52524,1,Bubbles,6525,6525
09/12/2023,,,1,Chloe,6525,6525
09/12/2023,,,1,celine,10050,10050
09/12/2023,,,1,Michelle,10050,10050
09/12/2023,,,1,Sb 36x75,3675,3675
09/12/2023,,,1,SB 36x75 O,3924.75,3924.75
09/12/2023,,,1,Sb 48x75,4352.25,4352.25
09/12/2023,,,1,SB 60x75,5115,5115
09/12/2023,,,1,DD 36x36,6237.75,6237.75
09/12/2023,,,1,Gideon,9000,9000
9/13/2023,Kingswood,52425,2,Jella,11500,23000
9/13/2023,,,2,Adams,12050,24100
9/13/2023,,,1,Clarette,11500,11500
9/13/2023,,,1,Moira,11200,11200
9/13/2023,,,1,Audrey,22550,22550
9/16/2023,Consumer,52427,1,Dining 8's,10964.25,10964.25
9/19/2023,Walk In,52428,1,Dave,9390,9390
9/19/2023,RSB,52429,1,Francia,17250,17250
9/22/2023,Consumer,52430,1,Paul 60,10072.5,10072.5
10/02/2023,Consumer Iriga,52431,1,Dining 8's ,14619,14619
10/02/2023,,,1,Hazelle ,13400,13400
10/06/2023,Consumer Iriga,52432,1,Office Table 20x40,3525,3525
10/06/2023,Consumer Iriga,52433,1,Imelda 4's A/r,12300,12300
10/09/2023,Doctama Sor.,52434,2,"Imelda 4""s black",11825,23650
10/09/2023,Luz Batac,52435,2,Dining 8's,14619,29238
10/09/2023,,,1,Dining 6's,11600,11600
10/09/2023,,,1,Dining 4's,8770,8770
10/09/2023,,,2,Dining Chair,1305,2610
10/09/2023,Doc Tama,52436,2,Dining set 6's,11600,23200
10/09/2023,,,2,Dd48,8867,17734
10/09/2023,,,2,Dd60,9584,19168
10/09/2023,,,1,Platera 36 Ord.,8800,8800
10/09/2023,,,1,Platera 60 Ord.,13000,13000
10/09/2023,,,1,Gideon 60,12000,12000
10/09/2023,,,1,Judah 48,10100,10100
10/09/2023,,,2,Jacob 36,8500,17000
10/11/2023,Rickys,52437,3,California,21100,63300
10/11/2023,,,2,Lebron L-shape,20100,40200
10/11/2023,,,1,Bubbles,8700,8700
10/11/2023,,,3,Chloe,8700,26100
10/11/2023,,,1,Marco,8700,8700
10/11/2023,,,1,Cholo,8700,8700
10/11/2023,,,2,Ericka,7300,14600
10/11/2023,,,2,Lorelie,12000,24000
10/11/2023,,,2,Paul 48,11560,23120
10/11/2023,Rickys,52438,1,Liera 48,11560,11560
10/11/2023,,,1,Bc 60 Padded,16800,16800
10/11/2023,,,2,Bc 60 Solid,16800,33600
10/11/2023,,,2,Paul 60,13430,26860
10/11/2023,,,2,Dave 60,12520,25040
10/11/2023,,,2,Danna 60,12700,25400
10/11/2023,,,2,Liera 60,13550,27100
10/11/2023,,,4,Platera 60,13000,52000
10/11/2023,,,4,Platera 48,10700,42800
10/11/2023,,,2,Platera 36,8800,17600
10/12/2023,Ronie Odiada,52439,1,Foam Pu2 60x4x75,2960,2960
10/13/2023,Atienza Tigaon,52440,1,Dd36 black,8317,8317
10/13/2023,,,1,Chelse,8700,8700
10/11/2023,Nueva Cam. Goa,52441,1,Francia,22035,22035
10/11/2023,,,1,Chelsea,8350,8350
10/11/2023,,,1,Cholo,8350,8350
10/11/2023,,,1,Marco,8350,8350
10/11/2023,,,6,Dining 4's,8555,51330
10/11/2023,,,3,Sb60,6515,19545
10/11/2023,Thesson Naga,52442,1,Justine,10500,10500
10/11/2023,Lopez Mktg.,52443,6,Sb36,4000,24000
10/11/2023,,,6,Sb48,4400,26400
10/11/2023,,,4,Sb54,4950,19800
10/11/2023,,,2,Dd36,6400,12800
10/11/2023,,,2,Dd48,6600,13200
10/11/2023,,,2,Dd60,7300,14600
10/11/2023,,,3,Dining 4's,6700,20100
10/11/2023,,,2,Dining 6's,8900,17800
10/11/2023,,,1,Dining 8's,10500,10500
10/11/2023,,,20,Side Table w/ 3/8,1700,34000
10/11/2023,,,20,Center table w/ 3/8,2100,42000
10/11/2023,,52444,2,Mikas 60,9000,18000
10/11/2023,,,1,Gideon 60,9000,9000
10/11/2023,,,1,Jacob 36,6200,6200
10/11/2023,,,1,Liera 48,8750,8750
10/11/2023,,,1,Paul 48,8750,8750
10/11/2023,3JZ's Trading,52445,1,Paul 48,11560,11560
10/11/2023,,,1,Jacob36,8500,8500
10/11/2023,,,1,Judah 48,10100,10100
10/11/2023,,,1,Gideon 60,12000,12000
10/11/2023,,,1,Platera 48 Ord.,10700,10700
10/11/2023,,,1,Ericka 36,7300,7300
10/11/2023,,,1,Dining 6's,11600,11600
10/11/2023,,,1,Dining 4's,8770,8770
10/11/2023,,,1,Lebron L-shape,14900,14900
10/11/2023,Rsb,52446,1,Dave Div. 60,9390,9390
10/27/2023,Century,52447,3,Ayesha,22500,67500
10/27/2023,,,2,Francia L-shape,22400,44800
10/27/2023,,,1,Sydney L-shape,21500,21500
10/27/2023,,,2,Lexie L-shape,14800,29600
10/27/2023,,,1,Claris L-shape,14280,14280
10/27/2023,,,1,Celine,12900,12900
10/27/2023,,,1,Hazelle,12900,12900
10/27/2023,,,2,Ayen,12900,25800
10/27/2023,,,2,Chloe,8400,16800
10/27/2023,Century,52448,6,Dd36,7995,47970
10/27/2023,,,2,Sb60 Optima,6520,13040
10/27/2023,,,2,Sb60 Catleya,6220,12440
10/27/2023,,,5,Sb36 Catleya,4660,23300
10/27/2023,,,3,Sb54 Catleya,5740,17220
10/27/2023,,,24,Dining Chair 102,1267,30408
10/27/2023,,,10,Dining set 8's,13980,139800
10/27/2023,,,12,Dining set 6's,11220,134640
10/27/2023,Consumer Legaspi,52449,1,Jacob Apa. 36,8500,8500
10/27/2023,,,1,Judah Apa 48,10100,10100
10/27/2023,,,1,Lorelie 60,12000,12000
10/27/2023,,,1,Ericka 36,7300,7300
10/27/2023,,,3,Dd36,8317,24951
10/27/2023,,,1,Sb60,6820,6820
10/27/2023,,,1,Sb54,6403,6403
10/27/2023,,,1,Dd60,9584,9584
10/27/2023,Consumer Bacacay,52450,5,Ct w/ 3/8,2900,14500
10/27/2023,,,1,Sb48,5803,5803
10/27/2023,,,1,Sb60,6820,6820
10/27/2023,,,1,Dd60,9584,9584
10/27/2023,,,1,Chelsea,8700,8700
10/27/2023,,,1,Marco,8700,8700
